%% This BibTeX bibliography file was created using BibDesk.
%% https://bibdesk.sourceforge.io/

%% Created for Brian Blais at 2022-03-28 16:10:41 -0400 


%% Saved with string encoding Unicode (UTF-8) 



@article{xiao2022randomized,
	author = {Xiao, Scott and Angjeli, Endri and Wu, Hank C and Gaier, Eric D and Gomez, Stephanie and Travers, Dean A and Binenbaum, Gil and Langer, Robert and Hunter, David G and Repka, Michael X and others},
	date-added = {2022-03-28 16:09:56 -0400},
	date-modified = {2022-03-28 16:09:56 -0400},
	journal = {Ophthalmology},
	number = {1},
	pages = {77--85},
	publisher = {Elsevier},
	title = {Randomized controlled trial of a dichoptic digital therapeutic for amblyopia},
	volume = {129},
	year = {2022}}

@article{birch2013amblyopia,
	author = {Birch, Eileen E},
	date-added = {2021-12-14 10:07:43 -0500},
	date-modified = {2021-12-14 10:07:43 -0500},
	journal = {Progress in retinal and eye research},
	pages = {67--84},
	publisher = {Elsevier},
	title = {Amblyopia and binocular vision},
	volume = {33},
	year = {2013},
	bdsk-file-1 = {YnBsaXN0MDDSAQIDBFxyZWxhdGl2ZVBhdGhZYWxpYXNEYXRhXxBZLi4vLi4vLi4vLi4vLi4vRG9jdW1lbnRzL0JpYkRlc2sgQXJ0aWNsZXMvMjAxMy1CaXJjaC1BbWJseW9waWEgYW5kIGJpbm9jdWxhciB2aXNpb24tbS5wZGZPEQH2AAAAAAH2AAIAAAxNYWNpbnRvc2ggSEQAAAAAAAAAAAAAAAAAAAAAAAAAQkQAAf////8fMjAxMy1CaXJjaC1BbWJseW9wI0ZGRkZGRkZGLnBkZgAAAAAAAAAAAAAAAAAAAAAAAAAAAAAAAAAAAAAAAAAA/////wAAAAAAAAAAAAAAAAAFAAMAAAogY3UAAAAAAAAAAAAAAAAAEEJpYkRlc2sgQXJ0aWNsZXMAAgBZLzpVc2VyczpiYmxhaXM6RG9jdW1lbnRzOkJpYkRlc2sgQXJ0aWNsZXM6MjAxMy1CaXJjaC1BbWJseW9waWEgYW5kIGJpbm9jdWxhciB2aXNpb24tbS5wZGYAAA4AYAAvADIAMAAxADMALQBCAGkAcgBjAGgALQBBAG0AYgBsAHkAbwBwAGkAYQAgAGEAbgBkACAAYgBpAG4AbwBjAHUAbABhAHIAIAB2AGkAcwBpAG8AbgAtAG0ALgBwAGQAZgAPABoADABNAGEAYwBpAG4AdABvAHMAaAAgAEgARAASAFdVc2Vycy9iYmxhaXMvRG9jdW1lbnRzL0JpYkRlc2sgQXJ0aWNsZXMvMjAxMy1CaXJjaC1BbWJseW9waWEgYW5kIGJpbm9jdWxhciB2aXNpb24tbS5wZGYAABMAAS8AABUAAgAN//8AAAAIAA0AGgAkAIAAAAAAAAACAQAAAAAAAAAFAAAAAAAAAAAAAAAAAAACeg==}}

@article{wallace2006treatment,
	author = {Wallace, DK and Cotter, SA and Edwards, AR and Beck, RW and Pediatric Eye Disease Investigator Group and others},
	date-added = {2021-12-14 09:45:35 -0500},
	date-modified = {2021-12-14 09:45:35 -0500},
	journal = {Investigative Ophthalmology \& Visual Science},
	number = {13},
	pages = {4310--4310},
	publisher = {The Association for Research in Vision and Ophthalmology},
	title = {Treatment of Amblyopia With Refractive Correction Alone},
	volume = {47},
	year = {2006},
	bdsk-file-1 = {YnBsaXN0MDDSAQIDBFxyZWxhdGl2ZVBhdGhZYWxpYXNEYXRhXxCVLi4vLi4vLi4vLi4vLi4vRG9jdW1lbnRzL0JpYkRlc2sgQXJ0aWNsZXMvMjAwNi1XYWxsYWNlO0NvdHRlcjtFZHdhcmRzO0JlY2s7R3JvdXA7b3RoZXJzLVRyZWF0bWVudCBvZiBBbWJseW9waWEgV2l0aCBSZWZyYWN0aXZlIENvcnJlY3Rpb24gQWxvbmUtdC5wZGZPEQLmAAAAAALmAAIAAAxNYWNpbnRvc2ggSEQAAAAAAAAAAAAAAAAAAAAAAAAAQkQAAf////8fMjAwNi1XYWxsYWNlO0NvdHRlI0ZGRkZGRkZGLnBkZgAAAAAAAAAAAAAAAAAAAAAAAAAAAAAAAAAAAAAAAAAA/////wAAAAAAAAAAAAAAAAAFAAMAAAogY3UAAAAAAAAAAAAAAAAAEEJpYkRlc2sgQXJ0aWNsZXMAAgCVLzpVc2VyczpiYmxhaXM6RG9jdW1lbnRzOkJpYkRlc2sgQXJ0aWNsZXM6MjAwNi1XYWxsYWNlO0NvdHRlcjtFZHdhcmRzO0JlY2s7R3JvdXA7b3RoZXJzLVRyZWF0bWVudCBvZiBBbWJseW9waWEgV2l0aCBSZWZyYWN0aXZlIENvcnJlY3Rpb24gQWxvbmUtdC5wZGYAAA4A2ABrADIAMAAwADYALQBXAGEAbABsAGEAYwBlADsAQwBvAHQAdABlAHIAOwBFAGQAdwBhAHIAZABzADsAQgBlAGMAawA7AEcAcgBvAHUAcAA7AG8AdABoAGUAcgBzAC0AVAByAGUAYQB0AG0AZQBuAHQAIABvAGYAIABBAG0AYgBsAHkAbwBwAGkAYQAgAFcAaQB0AGgAIABSAGUAZgByAGEAYwB0AGkAdgBlACAAQwBvAHIAcgBlAGMAdABpAG8AbgAgAEEAbABvAG4AZQAtAHQALgBwAGQAZgAPABoADABNAGEAYwBpAG4AdABvAHMAaAAgAEgARAASAJNVc2Vycy9iYmxhaXMvRG9jdW1lbnRzL0JpYkRlc2sgQXJ0aWNsZXMvMjAwNi1XYWxsYWNlO0NvdHRlcjtFZHdhcmRzO0JlY2s7R3JvdXA7b3RoZXJzLVRyZWF0bWVudCBvZiBBbWJseW9waWEgV2l0aCBSZWZyYWN0aXZlIENvcnJlY3Rpb24gQWxvbmUtdC5wZGYAABMAAS8AABUAAgAN//8AAAAIAA0AGgAkALwAAAAAAAACAQAAAAAAAAAFAAAAAAAAAAAAAAAAAAADpg==}}

@article{xiao2020improved,
	author = {Xiao, Scott and Gaier, Eric D and Mazow, Malcolm L and Stout, Ann U and Travers, Dean A and Angjeli, Endri and Wu, Hank C and Binenbaum, Gil and Hunter, David G},
	date-added = {2021-12-14 09:38:07 -0500},
	date-modified = {2021-12-14 09:38:07 -0500},
	journal = {Scientific Reports},
	number = {1},
	pages = {1--8},
	publisher = {Nature Publishing Group},
	title = {Improved adherence and treatment outcomes with an engaging, personalized digital therapeutic in amblyopia},
	volume = {10},
	year = {2020},
	bdsk-file-1 = {YnBsaXN0MDDSAQIDBFxyZWxhdGl2ZVBhdGhZYWxpYXNEYXRhXxDZLi4vLi4vLi4vLi4vLi4vRG9jdW1lbnRzL0JpYkRlc2sgQXJ0aWNsZXMvMjAyMC1YaWFvO0dhaWVyO01hem93O1N0b3V0O1RyYXZlcnM7QW5namVsaTtXdTtCaW5lbmJhdW07SHVudGVyLUltcHJvdmVkIGFkaGVyZW5jZSBhbmQgdHJlYXRtZW50IG91dGNvbWVzIHdpdGggYW4gZW5nYWdpbmcsIHBlcnNvbmFsaXplZCBkaWdpdGFsIHRoZXJhcGV1dGljIGluIGFtYmx5b3BpYS12LnBkZk8RA/YAAAAAA/YAAgAADE1hY2ludG9zaCBIRAAAAAAAAAAAAAAAAAAAAAAAAABCRAAB/////x8yMDIwLVhpYW87R2FpZXI7TWEjRkZGRkZGRkYucGRmAAAAAAAAAAAAAAAAAAAAAAAAAAAAAAAAAAAAAAAAAAD/////AAAAAAAAAAAAAAAAAAUAAwAACiBjdQAAAAAAAAAAAAAAAAAQQmliRGVzayBBcnRpY2xlcwACANkvOlVzZXJzOmJibGFpczpEb2N1bWVudHM6QmliRGVzayBBcnRpY2xlczoyMDIwLVhpYW87R2FpZXI7TWF6b3c7U3RvdXQ7VHJhdmVycztBbmdqZWxpO1d1O0JpbmVuYmF1bTtIdW50ZXItSW1wcm92ZWQgYWRoZXJlbmNlIGFuZCB0cmVhdG1lbnQgb3V0Y29tZXMgd2l0aCBhbiBlbmdhZ2luZywgcGVyc29uYWxpemVkIGRpZ2l0YWwgdGhlcmFwZXV0aWMgaW4gYW1ibHlvcGlhLXYucGRmAAAOAWAArwAyADAAMgAwAC0AWABpAGEAbwA7AEcAYQBpAGUAcgA7AE0AYQB6AG8AdwA7AFMAdABvAHUAdAA7AFQAcgBhAHYAZQByAHMAOwBBAG4AZwBqAGUAbABpADsAVwB1ADsAQgBpAG4AZQBuAGIAYQB1AG0AOwBIAHUAbgB0AGUAcgAtAEkAbQBwAHIAbwB2AGUAZAAgAGEAZABoAGUAcgBlAG4AYwBlACAAYQBuAGQAIAB0AHIAZQBhAHQAbQBlAG4AdAAgAG8AdQB0AGMAbwBtAGUAcwAgAHcAaQB0AGgAIABhAG4AIABlAG4AZwBhAGcAaQBuAGcALAAgAHAAZQByAHMAbwBuAGEAbABpAHoAZQBkACAAZABpAGcAaQB0AGEAbAAgAHQAaABlAHIAYQBwAGUAdQB0AGkAYwAgAGkAbgAgAGEAbQBiAGwAeQBvAHAAaQBhAC0AdgAuAHAAZABmAA8AGgAMAE0AYQBjAGkAbgB0AG8AcwBoACAASABEABIA11VzZXJzL2JibGFpcy9Eb2N1bWVudHMvQmliRGVzayBBcnRpY2xlcy8yMDIwLVhpYW87R2FpZXI7TWF6b3c7U3RvdXQ7VHJhdmVycztBbmdqZWxpO1d1O0JpbmVuYmF1bTtIdW50ZXItSW1wcm92ZWQgYWRoZXJlbmNlIGFuZCB0cmVhdG1lbnQgb3V0Y29tZXMgd2l0aCBhbiBlbmdhZ2luZywgcGVyc29uYWxpemVkIGRpZ2l0YWwgdGhlcmFwZXV0aWMgaW4gYW1ibHlvcGlhLXYucGRmAAATAAEvAAAVAAIADf//AAAACAANABoAJAEAAAAAAAAAAgEAAAAAAAAABQAAAAAAAAAAAAAAAAAABPo=}}

@article{wallace2018amblyopia,
	author = {Wallace, David K and Repka, Michael X and Lee, Katherine A and Melia, Michele and Christiansen, Stephen P and Morse, Christie L and Sprunger, Derek T},
	date-added = {2021-12-14 09:29:10 -0500},
	date-modified = {2021-12-14 09:29:10 -0500},
	journal = {Ophthalmology},
	number = {1},
	pages = {P105--P142},
	publisher = {Elsevier},
	title = {Amblyopia preferred practice Pattern{\textregistered}},
	volume = {125},
	year = {2018},
	bdsk-file-1 = {YnBsaXN0MDDSAQIDBFxyZWxhdGl2ZVBhdGhZYWxpYXNEYXRhbxCOAC4ALgAvAC4ALgAvAC4ALgAvAC4ALgAvAC4ALgAvAEQAbwBjAHUAbQBlAG4AdABzAC8AQgBpAGIARABlAHMAawAgAEEAcgB0AGkAYwBsAGUAcwAvADIAMAAxADgALQBXAGEAbABsAGEAYwBlADsAUgBlAHAAawBhADsATABlAGUAOwBNAGUAbABpAGEAOwBDAGgAcgBpAHMAdABpAGEAbgBzAGUAbgA7AE0AbwByAHMAZQA7AFMAcAByAHUAbgBnAGUAcgAtAEEAbQBiAGwAeQBvAHAAaQBhACAAcAByAGUAZgBlAHIAcgBlAGQAIABwAHIAYQBjAHQAaQBjAGUAIABQAGEAdAB0AGUAcgBuAK4ALQBlAC4AcABkAGZPEQLMAAAAAALMAAIAAAxNYWNpbnRvc2ggSEQAAAAAAAAAAAAAAAAAAAAAAAAAQkQAAf////8fMjAxOC1XYWxsYWNlO1JlcGthI0ZGRkZGRkZGLnBkZgAAAAAAAAAAAAAAAAAAAAAAAAAAAAAAAAAAAAAAAAAA/////wAAAAAAAAAAAAAAAAAFAAMAAAogY3UAAAAAAAAAAAAAAAAAEEJpYkRlc2sgQXJ0aWNsZXMAAgCPLzpVc2VyczpiYmxhaXM6RG9jdW1lbnRzOkJpYkRlc2sgQXJ0aWNsZXM6MjAxOC1XYWxsYWNlO1JlcGthO0xlZTtNZWxpYTtDaHJpc3RpYW5zZW47TW9yc2U7U3BydW5nZXItQW1ibHlvcGlhIHByZWZlcnJlZCBwcmFjdGljZSBQYXR0ZXJuwq4tZS5wZGYAAA4AygBkADIAMAAxADgALQBXAGEAbABsAGEAYwBlADsAUgBlAHAAawBhADsATABlAGUAOwBNAGUAbABpAGEAOwBDAGgAcgBpAHMAdABpAGEAbgBzAGUAbgA7AE0AbwByAHMAZQA7AFMAcAByAHUAbgBnAGUAcgAtAEEAbQBiAGwAeQBvAHAAaQBhACAAcAByAGUAZgBlAHIAcgBlAGQAIABwAHIAYQBjAHQAaQBjAGUAIABQAGEAdAB0AGUAcgBuAK4ALQBlAC4AcABkAGYADwAaAAwATQBhAGMAaQBuAHQAbwBzAGgAIABIAEQAEgCNVXNlcnMvYmJsYWlzL0RvY3VtZW50cy9CaWJEZXNrIEFydGljbGVzLzIwMTgtV2FsbGFjZTtSZXBrYTtMZWU7TWVsaWE7Q2hyaXN0aWFuc2VuO01vcnNlO1NwcnVuZ2VyLUFtYmx5b3BpYSBwcmVmZXJyZWQgcHJhY3RpY2UgUGF0dGVybsKuLWUucGRmAAATAAEvAAAVAAIADf//AAAACAANABoAJAFDAAAAAAAAAgEAAAAAAAAABQAAAAAAAAAAAAAAAAAABBM=}}

@article{Fong_2021,
	author = {Ming-fai Fong and Kevin R Duffy and Madison P Leet and Christian T Candler and Mark F Bear},
	date-added = {2021-09-12 17:59:11 -0400},
	date-modified = {2021-09-12 17:59:11 -0400},
	doi = {10.7554/elife.70023},
	journal = {{eLife}},
	month = {aug},
	publisher = {{eLife} Sciences Publications, Ltd},
	title = {Correction of amblyopia in cats and mice after the critical period},
	url = {https://doi.org/10.7554%2Felife.70023},
	volume = {10},
	year = 2021,
	bdsk-file-1 = {YnBsaXN0MDDSAQIDBFxyZWxhdGl2ZVBhdGhZYWxpYXNEYXRhXxCULi4vLi4vLi4vLi4vLi4vRG9jdW1lbnRzL0JpYkRlc2sgQXJ0aWNsZXMvMjAyMS1Gb25nO0R1ZmZ5O0xlZXQ7Q2FuZGxlcjtCZWFyLUNvcnJlY3Rpb24gb2YgYW1ibHlvcGlhIGluIGNhdHMgYW5kIG1pY2UgYWZ0ZXIgdGhlIGNyaXRpY2FsIHBlcmlvZC1vLnBkZk8RAuAAAAAAAuAAAgAADE1hY2ludG9zaCBIRAAAAAAAAAAAAAAAAAAAAAAAAABCRAAB/////x8yMDIxLUZvbmc7RHVmZnk7TGUjRkZGRkZGRkYucGRmAAAAAAAAAAAAAAAAAAAAAAAAAAAAAAAAAAAAAAAAAAD/////AAAAAAAAAAAAAAAAAAUAAwAACiBjdQAAAAAAAAAAAAAAAAAQQmliRGVzayBBcnRpY2xlcwACAJQvOlVzZXJzOmJibGFpczpEb2N1bWVudHM6QmliRGVzayBBcnRpY2xlczoyMDIxLUZvbmc7RHVmZnk7TGVldDtDYW5kbGVyO0JlYXItQ29ycmVjdGlvbiBvZiBhbWJseW9waWEgaW4gY2F0cyBhbmQgbWljZSBhZnRlciB0aGUgY3JpdGljYWwgcGVyaW9kLW8ucGRmAA4A1gBqADIAMAAyADEALQBGAG8AbgBnADsARAB1AGYAZgB5ADsATABlAGUAdAA7AEMAYQBuAGQAbABlAHIAOwBCAGUAYQByAC0AQwBvAHIAcgBlAGMAdABpAG8AbgAgAG8AZgAgAGEAbQBiAGwAeQBvAHAAaQBhACAAaQBuACAAYwBhAHQAcwAgAGEAbgBkACAAbQBpAGMAZQAgAGEAZgB0AGUAcgAgAHQAaABlACAAYwByAGkAdABpAGMAYQBsACAAcABlAHIAaQBvAGQALQBvAC4AcABkAGYADwAaAAwATQBhAGMAaQBuAHQAbwBzAGgAIABIAEQAEgCSVXNlcnMvYmJsYWlzL0RvY3VtZW50cy9CaWJEZXNrIEFydGljbGVzLzIwMjEtRm9uZztEdWZmeTtMZWV0O0NhbmRsZXI7QmVhci1Db3JyZWN0aW9uIG9mIGFtYmx5b3BpYSBpbiBjYXRzIGFuZCBtaWNlIGFmdGVyIHRoZSBjcml0aWNhbCBwZXJpb2Qtby5wZGYAEwABLwAAFQACAA3//wAAAAgADQAaACQAuwAAAAAAAAIBAAAAAAAAAAUAAAAAAAAAAAAAAAAAAAOf},
	bdsk-url-1 = {https://doi.org/10.7554%2Felife.70023},
	bdsk-url-2 = {https://doi.org/10.7554/elife.70023}}

@article{holmes2016randomized,
	author = {Holmes, Jonathan M and Manh, Vivian M and Lazar, Elizabeth L and Beck, Roy W and Birch, Eileen E and Kraker, Raymond T and Crouch, Eric R and Erzurum, S Ayse and Khuddus, Nausheen and Summers, Allison I and others},
	date-added = {2020-09-22 11:33:15 -0400},
	date-modified = {2020-09-22 11:33:15 -0400},
	journal = {JAMA ophthalmology},
	number = {12},
	pages = {1391},
	publisher = {NIH Public Access},
	title = {A randomized trial of a binocular iPad game versus part-time patching In children 5 to 12 years of age with amblyopia},
	volume = {134},
	year = {2016},
	bdsk-file-1 = {YnBsaXN0MDDSAQIDBFxyZWxhdGl2ZVBhdGhZYWxpYXNEYXRhXxEBCS4uLy4uLy4uLy4uLy4uL0RvY3VtZW50cy9CaWJEZXNrIEFydGljbGVzLzIwMTYtSG9sbWVzLko7TWFuaC5WO0xhemFyLkU7QmVjay5SO0JpcmNoLkU7S3Jha2VyLlI7Q3JvdWNoLkU7RXJ6dXJ1bS5TO0todWRkdXMuTjtTdW1tZXJzLkE7b3RoZXJzLUEgcmFuZG9taXplZCB0cmlhbCBvZiBhIGJpbm9jdWxhciBpUGFkIGdhbWUgdmVyc3VzIHBhcnQtdGltZSBwYXRjaGluZyBJbiBjaGlsZHJlbiA1IHRvIDEyIHllYXJzIG9mIGFnZSB3aXRoIGFtYmx5b3BpYS1hLS5wZGZPEQS2AAAAAAS2AAIAAAxNYWNpbnRvc2ggSEQAAAAAAAAAAAAAAAAAAAAAAAAAQkQAAf////8fMjAxNi1Ib2xtZXMuSjtNYW5oI0ZGRkZGRkZGLnBkZgAAAAAAAAAAAAAAAAAAAAAAAAAAAAAAAAAAAAAAAAAA/////wAAAAAAAAAAAAAAAAAFAAMAAAogY3UAAAAAAAAAAAAAAAAAEEJpYkRlc2sgQXJ0aWNsZXMAAgEJLzpVc2VyczpiYmxhaXM6RG9jdW1lbnRzOkJpYkRlc2sgQXJ0aWNsZXM6MjAxNi1Ib2xtZXMuSjtNYW5oLlY7TGF6YXIuRTtCZWNrLlI7QmlyY2guRTtLcmFrZXIuUjtDcm91Y2guRTtFcnp1cnVtLlM7S2h1ZGR1cy5OO1N1bW1lcnMuQTtvdGhlcnMtQSByYW5kb21pemVkIHRyaWFsIG9mIGEgYmlub2N1bGFyIGlQYWQgZ2FtZSB2ZXJzdXMgcGFydC10aW1lIHBhdGNoaW5nIEluIGNoaWxkcmVuIDUgdG8gMTIgeWVhcnMgb2YgYWdlIHdpdGggYW1ibHlvcGlhLWEtLnBkZgAADgHAAN8AMgAwADEANgAtAEgAbwBsAG0AZQBzAC4ASgA7AE0AYQBuAGgALgBWADsATABhAHoAYQByAC4ARQA7AEIAZQBjAGsALgBSADsAQgBpAHIAYwBoAC4ARQA7AEsAcgBhAGsAZQByAC4AUgA7AEMAcgBvAHUAYwBoAC4ARQA7AEUAcgB6AHUAcgB1AG0ALgBTADsASwBoAHUAZABkAHUAcwAuAE4AOwBTAHUAbQBtAGUAcgBzAC4AQQA7AG8AdABoAGUAcgBzAC0AQQAgAHIAYQBuAGQAbwBtAGkAegBlAGQAIAB0AHIAaQBhAGwAIABvAGYAIABhACAAYgBpAG4AbwBjAHUAbABhAHIAIABpAFAAYQBkACAAZwBhAG0AZQAgAHYAZQByAHMAdQBzACAAcABhAHIAdAAtAHQAaQBtAGUAIABwAGEAdABjAGgAaQBuAGcAIABJAG4AIABjAGgAaQBsAGQAcgBlAG4AIAA1ACAAdABvACAAMQAyACAAeQBlAGEAcgBzACAAbwBmACAAYQBnAGUAIAB3AGkAdABoACAAYQBtAGIAbAB5AG8AcABpAGEALQBhAC0ALgBwAGQAZgAPABoADABNAGEAYwBpAG4AdABvAHMAaAAgAEgARAASAQdVc2Vycy9iYmxhaXMvRG9jdW1lbnRzL0JpYkRlc2sgQXJ0aWNsZXMvMjAxNi1Ib2xtZXMuSjtNYW5oLlY7TGF6YXIuRTtCZWNrLlI7QmlyY2guRTtLcmFrZXIuUjtDcm91Y2guRTtFcnp1cnVtLlM7S2h1ZGR1cy5OO1N1bW1lcnMuQTtvdGhlcnMtQSByYW5kb21pemVkIHRyaWFsIG9mIGEgYmlub2N1bGFyIGlQYWQgZ2FtZSB2ZXJzdXMgcGFydC10aW1lIHBhdGNoaW5nIEluIGNoaWxkcmVuIDUgdG8gMTIgeWVhcnMgb2YgYWdlIHdpdGggYW1ibHlvcGlhLWEtLnBkZgAAEwABLwAAFQACAA3//wAAAAgADQAaACQBMQAAAAAAAAIBAAAAAAAAAAUAAAAAAAAAAAAAAAAAAAXr}}

@article{stewart2004treatment,
	author = {Stewart, Catherine E and Moseley, Merrick J and Stephens, David A and Fielder, Alistair R},
	date-added = {2020-09-22 11:29:40 -0400},
	date-modified = {2020-09-22 11:29:40 -0400},
	journal = {Investigative ophthalmology \& visual science},
	number = {9},
	pages = {3048--3054},
	publisher = {The Association for Research in Vision and Ophthalmology},
	title = {Treatment dose-response in amblyopia therapy: the Monitored Occlusion Treatment of Amblyopia Study (MOTAS)},
	volume = {45},
	year = {2004},
	bdsk-file-1 = {YnBsaXN0MDDSAQIDBFxyZWxhdGl2ZVBhdGhZYWxpYXNEYXRhXxDILi4vLi4vLi4vLi4vLi4vRG9jdW1lbnRzL0JpYkRlc2sgQXJ0aWNsZXMvMjAwNC1TdGV3YXJ0LkM7TW9zZWxleS5NO1N0ZXBoZW5zLkQ7RmllbGRlci5BLVRyZWF0bWVudCBkb3NlLXJlc3BvbnNlIGluIGFtYmx5b3BpYSB0aGVyYXB5IHRoZSBNb25pdG9yZWQgT2NjbHVzaW9uIFRyZWF0bWVudCBvZiBBbWJseW9waWEgU3R1ZHkgKE1PVEFTKS1hLS5wZGZPEQOwAAAAAAOwAAIAAAxNYWNpbnRvc2ggSEQAAAAAAAAAAAAAAAAAAAAAAAAAQkQAAf////8fMjAwNC1TdGV3YXJ0LkM7TW9zI0ZGRkZGRkZGLnBkZgAAAAAAAAAAAAAAAAAAAAAAAAAAAAAAAAAAAAAAAAAA/////wAAAAAAAAAAAAAAAAAFAAMAAAogY3UAAAAAAAAAAAAAAAAAEEJpYkRlc2sgQXJ0aWNsZXMAAgDILzpVc2VyczpiYmxhaXM6RG9jdW1lbnRzOkJpYkRlc2sgQXJ0aWNsZXM6MjAwNC1TdGV3YXJ0LkM7TW9zZWxleS5NO1N0ZXBoZW5zLkQ7RmllbGRlci5BLVRyZWF0bWVudCBkb3NlLXJlc3BvbnNlIGluIGFtYmx5b3BpYSB0aGVyYXB5IHRoZSBNb25pdG9yZWQgT2NjbHVzaW9uIFRyZWF0bWVudCBvZiBBbWJseW9waWEgU3R1ZHkgKE1PVEFTKS1hLS5wZGYADgE+AJ4AMgAwADAANAAtAFMAdABlAHcAYQByAHQALgBDADsATQBvAHMAZQBsAGUAeQAuAE0AOwBTAHQAZQBwAGgAZQBuAHMALgBEADsARgBpAGUAbABkAGUAcgAuAEEALQBUAHIAZQBhAHQAbQBlAG4AdAAgAGQAbwBzAGUALQByAGUAcwBwAG8AbgBzAGUAIABpAG4AIABhAG0AYgBsAHkAbwBwAGkAYQAgAHQAaABlAHIAYQBwAHkAIAB0AGgAZQAgAE0AbwBuAGkAdABvAHIAZQBkACAATwBjAGMAbAB1AHMAaQBvAG4AIABUAHIAZQBhAHQAbQBlAG4AdAAgAG8AZgAgAEEAbQBiAGwAeQBvAHAAaQBhACAAUwB0AHUAZAB5ACAAKABNAE8AVABBAFMAKQAtAGEALQAuAHAAZABmAA8AGgAMAE0AYQBjAGkAbgB0AG8AcwBoACAASABEABIAxlVzZXJzL2JibGFpcy9Eb2N1bWVudHMvQmliRGVzayBBcnRpY2xlcy8yMDA0LVN0ZXdhcnQuQztNb3NlbGV5Lk07U3RlcGhlbnMuRDtGaWVsZGVyLkEtVHJlYXRtZW50IGRvc2UtcmVzcG9uc2UgaW4gYW1ibHlvcGlhIHRoZXJhcHkgdGhlIE1vbml0b3JlZCBPY2NsdXNpb24gVHJlYXRtZW50IG9mIEFtYmx5b3BpYSBTdHVkeSAoTU9UQVMpLWEtLnBkZgATAAEvAAAVAAIADf//AAAACAANABoAJADvAAAAAAAAAgEAAAAAAAAABQAAAAAAAAAAAAAAAAAABKM=}}

@article{smith1985spatial,
	author = {Smith, EL and Harwerth, RS and Crawford, ML},
	date-added = {2018-10-23 21:08:21 -0400},
	date-modified = {2018-10-23 21:08:21 -0400},
	journal = {Investigative ophthalmology \& visual science},
	number = {3},
	pages = {330--342},
	publisher = {The Association for Research in Vision and Ophthalmology},
	title = {Spatial contrast sensitivity deficits in monkeys produced by optically induced anisometropia.},
	volume = {26},
	year = {1985},
	bdsk-file-1 = {YnBsaXN0MDDSAQIDBFxyZWxhdGl2ZVBhdGhZYWxpYXNEYXRhXxCxLi4vLi4vLi4vLi4vLi4vRG9jdW1lbnRzL0JpYkRlc2sgQXJ0aWNsZXMvMTk4NS1TbWl0aC5FO0hhcndlcnRoLlI7Q3Jhd2ZvcmQuTS1TcGF0aWFsIGNvbnRyYXN0IHNlbnNpdGl2aXR5IGRlZmljaXRzIGluIG1vbmtleXMgcHJvZHVjZWQgYnkgb3B0aWNhbGx5IGluZHVjZWQgYW5pc29tZXRyb3BpYS4tYS0ucGRmTxEDVgAAAAADVgACAAAMTWFjaW50b3NoIEhEAAAAAAAAAAAAAAAAAAAAAAAAAEJEAAH/////HzE5ODUtU21pdGguRTtIYXJ3ZSNGRkZGRkZGRi5wZGYAAAAAAAAAAAAAAAAAAAAAAAAAAAAAAAAAAAAAAAAAAP////8AAAAAAAAAAAAAAAAABQADAAAKIGN1AAAAAAAAAAAAAAAAABBCaWJEZXNrIEFydGljbGVzAAIAsS86VXNlcnM6YmJsYWlzOkRvY3VtZW50czpCaWJEZXNrIEFydGljbGVzOjE5ODUtU21pdGguRTtIYXJ3ZXJ0aC5SO0NyYXdmb3JkLk0tU3BhdGlhbCBjb250cmFzdCBzZW5zaXRpdml0eSBkZWZpY2l0cyBpbiBtb25rZXlzIHByb2R1Y2VkIGJ5IG9wdGljYWxseSBpbmR1Y2VkIGFuaXNvbWV0cm9waWEuLWEtLnBkZgAADgEQAIcAMQA5ADgANQAtAFMAbQBpAHQAaAAuAEUAOwBIAGEAcgB3AGUAcgB0AGgALgBSADsAQwByAGEAdwBmAG8AcgBkAC4ATQAtAFMAcABhAHQAaQBhAGwAIABjAG8AbgB0AHIAYQBzAHQAIABzAGUAbgBzAGkAdABpAHYAaQB0AHkAIABkAGUAZgBpAGMAaQB0AHMAIABpAG4AIABtAG8AbgBrAGUAeQBzACAAcAByAG8AZAB1AGMAZQBkACAAYgB5ACAAbwBwAHQAaQBjAGEAbABsAHkAIABpAG4AZAB1AGMAZQBkACAAYQBuAGkAcwBvAG0AZQB0AHIAbwBwAGkAYQAuAC0AYQAtAC4AcABkAGYADwAaAAwATQBhAGMAaQBuAHQAbwBzAGgAIABIAEQAEgCvVXNlcnMvYmJsYWlzL0RvY3VtZW50cy9CaWJEZXNrIEFydGljbGVzLzE5ODUtU21pdGguRTtIYXJ3ZXJ0aC5SO0NyYXdmb3JkLk0tU3BhdGlhbCBjb250cmFzdCBzZW5zaXRpdml0eSBkZWZpY2l0cyBpbiBtb25rZXlzIHByb2R1Y2VkIGJ5IG9wdGljYWxseSBpbmR1Y2VkIGFuaXNvbWV0cm9waWEuLWEtLnBkZgAAEwABLwAAFQACAA3//wAAAAgADQAaACQA2AAAAAAAAAIBAAAAAAAAAAUAAAAAAAAAAAAAAAAAAAQy}}

@article{kiorpes1998neuronal,
	author = {Kiorpes, Lynne and Kiper, Daniel C and O'keefe, Lawrence P and Cavanaugh, James R and Movshon, J Anthony},
	date-added = {2018-10-23 21:08:00 -0400},
	date-modified = {2018-10-23 21:08:00 -0400},
	journal = {Journal of Neuroscience},
	number = {16},
	pages = {6411--6424},
	publisher = {Soc Neuroscience},
	title = {Neuronal correlates of amblyopia in the visual cortex of macaque monkeys with experimental strabismus and anisometropia},
	volume = {18},
	year = {1998},
	bdsk-file-1 = {YnBsaXN0MDDSAQIDBFxyZWxhdGl2ZVBhdGhZYWxpYXNEYXRhbxDfAC4ALgAvAC4ALgAvAC4ALgAvAC4ALgAvAC4ALgAvAEQAbwBjAHUAbQBlAG4AdABzAC8AQgBpAGIARABlAHMAawAgAEEAcgB0AGkAYwBsAGUAcwAvADEAOQA5ADgALQBLAGkAbwByAHAAZQBzAC4ATAA7AEsAaQBwAGUAcgAuAEQAOwBPIBkAawBlAGUAZgBlAC4ATAA7AEMAYQB2AGEAbgBhAHUAZwBoAC4ASgA7AE0AbwB2AHMAaABvAG4ALgBKAC0ATgBlAHUAcgBvAG4AYQBsACAAYwBvAHIAcgBlAGwAYQB0AGUAcwAgAG8AZgAgAGEAbQBiAGwAeQBvAHAAaQBhACAAaQBuACAAdABoAGUAIAB2AGkAcwB1AGEAbAAgAGMAbwByAHQAZQB4ACAAbwBmACAAbQBhAGMAYQBxAHUAZQAgAG0AbwBuAGsAZQB5AHMAIAB3AGkAdABoACAAZQB4AHAAZQByAGkAbQBlAG4AdABhAGwAIABzAHQAcgBhAGIAaQBzAG0AdQBzACAAYQBuAGQAIABhAG4AaQBzAG8AbQBlAHQAcgBvAHAAaQBhAC0AYQAtAC4AcABkAGZPEQQSAAAAAAQSAAIAAAxNYWNpbnRvc2ggSEQAAAAAAAAAAAAAAAAAAAAAAAAAQkQAAf////8fMTk5OC1LaW9ycGVzLkw7S2lwI0ZGRkZGRkZGLnBkZgAAAAAAAAAAAAAAAAAAAAAAAAAAAAAAAAAAAAAAAAAA/////wAAAAAAAAAAAAAAAAAFAAMAAAogY3UAAAAAAAAAAAAAAAAAEEJpYkRlc2sgQXJ0aWNsZXMAAgDhLzpVc2VyczpiYmxhaXM6RG9jdW1lbnRzOkJpYkRlc2sgQXJ0aWNsZXM6MTk5OC1LaW9ycGVzLkw7S2lwZXIuRDtP4oCZa2VlZmUuTDtDYXZhbmF1Z2guSjtNb3ZzaG9uLkotTmV1cm9uYWwgY29ycmVsYXRlcyBvZiBhbWJseW9waWEgaW4gdGhlIHZpc3VhbCBjb3J0ZXggb2YgbWFjYXF1ZSBtb25rZXlzIHdpdGggZXhwZXJpbWVudGFsIHN0cmFiaXNtdXMgYW5kIGFuaXNvbWV0cm9waWEtYS0ucGRmAAAOAWwAtQAxADkAOQA4AC0ASwBpAG8AcgBwAGUAcwAuAEwAOwBLAGkAcABlAHIALgBEADsATyAZAGsAZQBlAGYAZQAuAEwAOwBDAGEAdgBhAG4AYQB1AGcAaAAuAEoAOwBNAG8AdgBzAGgAbwBuAC4ASgAtAE4AZQB1AHIAbwBuAGEAbAAgAGMAbwByAHIAZQBsAGEAdABlAHMAIABvAGYAIABhAG0AYgBsAHkAbwBwAGkAYQAgAGkAbgAgAHQAaABlACAAdgBpAHMAdQBhAGwAIABjAG8AcgB0AGUAeAAgAG8AZgAgAG0AYQBjAGEAcQB1AGUAIABtAG8AbgBrAGUAeQBzACAAdwBpAHQAaAAgAGUAeABwAGUAcgBpAG0AZQBuAHQAYQBsACAAcwB0AHIAYQBiAGkAcwBtAHUAcwAgAGEAbgBkACAAYQBuAGkAcwBvAG0AZQB0AHIAbwBwAGkAYQAtAGEALQAuAHAAZABmAA8AGgAMAE0AYQBjAGkAbgB0AG8AcwBoACAASABEABIA31VzZXJzL2JibGFpcy9Eb2N1bWVudHMvQmliRGVzayBBcnRpY2xlcy8xOTk4LUtpb3JwZXMuTDtLaXBlci5EO0/igJlrZWVmZS5MO0NhdmFuYXVnaC5KO01vdnNob24uSi1OZXVyb25hbCBjb3JyZWxhdGVzIG9mIGFtYmx5b3BpYSBpbiB0aGUgdmlzdWFsIGNvcnRleCBvZiBtYWNhcXVlIG1vbmtleXMgd2l0aCBleHBlcmltZW50YWwgc3RyYWJpc211cyBhbmQgYW5pc29tZXRyb3BpYS1hLS5wZGYAABMAAS8AABUAAgAN//8AAAAIAA0AGgAkAeUAAAAAAAACAQAAAAAAAAAFAAAAAAAAAAAAAAAAAAAF+w==}}

@article{barrett2004understanding,
	author = {Barrett, Brendan T and Bradley, Arthur and McGraw, Paul V},
	date-added = {2018-10-23 15:29:32 -0400},
	date-modified = {2018-10-23 15:29:32 -0400},
	journal = {The Neuroscientist},
	number = {2},
	pages = {106--117},
	publisher = {SAGE Publications},
	title = {Understanding the neural basis of amblyopia},
	volume = {10},
	year = {2004},
	bdsk-file-1 = {YnBsaXN0MDDSAQIDBFxyZWxhdGl2ZVBhdGhZYWxpYXNEYXRhXxB+Li4vLi4vLi4vLi4vLi4vRG9jdW1lbnRzL0JpYkRlc2sgQXJ0aWNsZXMvMjAwNC1CYXJyZXR0LkI7QnJhZGxleS5BO01jR3Jhdy5QLVVuZGVyc3RhbmRpbmcgdGhlIG5ldXJhbCBiYXNpcyBvZiBhbWJseW9waWEtYS0ucGRmTxECiAAAAAACiAACAAAMTWFjaW50b3NoIEhEAAAAAAAAAAAAAAAAAAAAAAAAAEJEAAH/////HzIwMDQtQmFycmV0dC5CO0JyYSNGRkZGRkZGRi5wZGYAAAAAAAAAAAAAAAAAAAAAAAAAAAAAAAAAAAAAAAAAAP////8AAAAAAAAAAAAAAAAABQADAAAKIGN1AAAAAAAAAAAAAAAAABBCaWJEZXNrIEFydGljbGVzAAIAfi86VXNlcnM6YmJsYWlzOkRvY3VtZW50czpCaWJEZXNrIEFydGljbGVzOjIwMDQtQmFycmV0dC5CO0JyYWRsZXkuQTtNY0dyYXcuUC1VbmRlcnN0YW5kaW5nIHRoZSBuZXVyYWwgYmFzaXMgb2YgYW1ibHlvcGlhLWEtLnBkZgAOAKoAVAAyADAAMAA0AC0AQgBhAHIAcgBlAHQAdAAuAEIAOwBCAHIAYQBkAGwAZQB5AC4AQQA7AE0AYwBHAHIAYQB3AC4AUAAtAFUAbgBkAGUAcgBzAHQAYQBuAGQAaQBuAGcAIAB0AGgAZQAgAG4AZQB1AHIAYQBsACAAYgBhAHMAaQBzACAAbwBmACAAYQBtAGIAbAB5AG8AcABpAGEALQBhAC0ALgBwAGQAZgAPABoADABNAGEAYwBpAG4AdABvAHMAaAAgAEgARAASAHxVc2Vycy9iYmxhaXMvRG9jdW1lbnRzL0JpYkRlc2sgQXJ0aWNsZXMvMjAwNC1CYXJyZXR0LkI7QnJhZGxleS5BO01jR3Jhdy5QLVVuZGVyc3RhbmRpbmcgdGhlIG5ldXJhbCBiYXNpcyBvZiBhbWJseW9waWEtYS0ucGRmABMAAS8AABUAAgAN//8AAAAIAA0AGgAkAKUAAAAAAAACAQAAAAAAAAAFAAAAAAAAAAAAAAAAAAADMQ==}}

@article{clavagnier2015cortical,
	author = {Clavagnier, Simon and Dumoulin, Serge O and Hess, Robert F},
	date-added = {2018-10-23 15:29:03 -0400},
	date-modified = {2018-10-23 15:29:03 -0400},
	journal = {Journal of Neuroscience},
	number = {44},
	pages = {14740--14755},
	publisher = {Soc Neuroscience},
	title = {Is the cortical deficit in amblyopia due to reduced cortical magnification, loss of neural resolution, or neural disorganization?},
	volume = {35},
	year = {2015},
	bdsk-file-1 = {YnBsaXN0MDDSAQIDBFxyZWxhdGl2ZVBhdGhZYWxpYXNEYXRhXxDWLi4vLi4vLi4vLi4vLi4vRG9jdW1lbnRzL0JpYkRlc2sgQXJ0aWNsZXMvMjAxNS1DbGF2YWduaWVyLlM7RHVtb3VsaW4uUztIZXNzLlItSXMgdGhlIGNvcnRpY2FsIGRlZmljaXQgaW4gYW1ibHlvcGlhIGR1ZSB0byByZWR1Y2VkIGNvcnRpY2FsIG1hZ25pZmljYXRpb24sIGxvc3Mgb2YgbmV1cmFsIHJlc29sdXRpb24sIG9yIG5ldXJhbCBkaXNvcmdhbml6YXRpb24/LWEtLnBkZk8RA+gAAAAAA+gAAgAADE1hY2ludG9zaCBIRAAAAAAAAAAAAAAAAAAAAAAAAABCRAAB/////x8yMDE1LUNsYXZhZ25pZXIuUzsjRkZGRkZGRkYucGRmAAAAAAAAAAAAAAAAAAAAAAAAAAAAAAAAAAAAAAAAAAD/////AAAAAAAAAAAAAAAAAAUAAwAACiBjdQAAAAAAAAAAAAAAAAAQQmliRGVzayBBcnRpY2xlcwACANYvOlVzZXJzOmJibGFpczpEb2N1bWVudHM6QmliRGVzayBBcnRpY2xlczoyMDE1LUNsYXZhZ25pZXIuUztEdW1vdWxpbi5TO0hlc3MuUi1JcyB0aGUgY29ydGljYWwgZGVmaWNpdCBpbiBhbWJseW9waWEgZHVlIHRvIHJlZHVjZWQgY29ydGljYWwgbWFnbmlmaWNhdGlvbiwgbG9zcyBvZiBuZXVyYWwgcmVzb2x1dGlvbiwgb3IgbmV1cmFsIGRpc29yZ2FuaXphdGlvbj8tYS0ucGRmAA4BWgCsADIAMAAxADUALQBDAGwAYQB2AGEAZwBuAGkAZQByAC4AUwA7AEQAdQBtAG8AdQBsAGkAbgAuAFMAOwBIAGUAcwBzAC4AUgAtAEkAcwAgAHQAaABlACAAYwBvAHIAdABpAGMAYQBsACAAZABlAGYAaQBjAGkAdAAgAGkAbgAgAGEAbQBiAGwAeQBvAHAAaQBhACAAZAB1AGUAIAB0AG8AIAByAGUAZAB1AGMAZQBkACAAYwBvAHIAdABpAGMAYQBsACAAbQBhAGcAbgBpAGYAaQBjAGEAdABpAG8AbgAsACAAbABvAHMAcwAgAG8AZgAgAG4AZQB1AHIAYQBsACAAcgBlAHMAbwBsAHUAdABpAG8AbgAsACAAbwByACAAbgBlAHUAcgBhAGwAIABkAGkAcwBvAHIAZwBhAG4AaQB6AGEAdABpAG8AbgA/AC0AYQAtAC4AcABkAGYADwAaAAwATQBhAGMAaQBuAHQAbwBzAGgAIABIAEQAEgDUVXNlcnMvYmJsYWlzL0RvY3VtZW50cy9CaWJEZXNrIEFydGljbGVzLzIwMTUtQ2xhdmFnbmllci5TO0R1bW91bGluLlM7SGVzcy5SLUlzIHRoZSBjb3J0aWNhbCBkZWZpY2l0IGluIGFtYmx5b3BpYSBkdWUgdG8gcmVkdWNlZCBjb3J0aWNhbCBtYWduaWZpY2F0aW9uLCBsb3NzIG9mIG5ldXJhbCByZXNvbHV0aW9uLCBvciBuZXVyYWwgZGlzb3JnYW5pemF0aW9uPy1hLS5wZGYAEwABLwAAFQACAA3//wAAAAgADQAaACQA/QAAAAAAAAIBAAAAAAAAAAUAAAAAAAAAAAAAAAAAAATp}}

@article{hunt2013sparse,
	annote = {Stereo images
},
	author = {Hunt, Jonathan J and Dayan, Peter and Goodhill, Geoffrey J},
	date-added = {2018-10-09 07:35:02 -0400},
	date-modified = {2020-09-22 11:37:38 -0400},
	journal = {PLoS computational biology},
	number = {5},
	pages = {e1003005},
	publisher = {Public Library of Science},
	title = {Sparse coding can predict primary visual cortex receptive field changes induced by abnormal visual input},
	volume = {9},
	year = {2013},
	bdsk-file-1 = {YnBsaXN0MDDSAQIDBFxyZWxhdGl2ZVBhdGhZYWxpYXNEYXRhXxC4Li4vLi4vLi4vLi4vLi4vRG9jdW1lbnRzL0JpYkRlc2sgQXJ0aWNsZXMvMjAxMy1IdW50Lko7RGF5YW4uUDtHb29kaGlsbC5HLVNwYXJzZSBjb2RpbmcgY2FuIHByZWRpY3QgcHJpbWFyeSB2aXN1YWwgY29ydGV4IHJlY2VwdGl2ZSBmaWVsZCBjaGFuZ2VzIGluZHVjZWQgYnkgYWJub3JtYWwgdmlzdWFsIGlucHV0LWEtLnBkZk8RA3AAAAAAA3AAAgAADE1hY2ludG9zaCBIRAAAAAAAAAAAAAAAAAAAAAAAAABCRAAB/////x8yMDEzLUh1bnQuSjtEYXlhbi4jRkZGRkZGRkYucGRmAAAAAAAAAAAAAAAAAAAAAAAAAAAAAAAAAAAAAAAAAAD/////AAAAAAAAAAAAAAAAAAUAAwAACiBjdQAAAAAAAAAAAAAAAAAQQmliRGVzayBBcnRpY2xlcwACALgvOlVzZXJzOmJibGFpczpEb2N1bWVudHM6QmliRGVzayBBcnRpY2xlczoyMDEzLUh1bnQuSjtEYXlhbi5QO0dvb2RoaWxsLkctU3BhcnNlIGNvZGluZyBjYW4gcHJlZGljdCBwcmltYXJ5IHZpc3VhbCBjb3J0ZXggcmVjZXB0aXZlIGZpZWxkIGNoYW5nZXMgaW5kdWNlZCBieSBhYm5vcm1hbCB2aXN1YWwgaW5wdXQtYS0ucGRmAA4BHgCOADIAMAAxADMALQBIAHUAbgB0AC4ASgA7AEQAYQB5AGEAbgAuAFAAOwBHAG8AbwBkAGgAaQBsAGwALgBHAC0AUwBwAGEAcgBzAGUAIABjAG8AZABpAG4AZwAgAGMAYQBuACAAcAByAGUAZABpAGMAdAAgAHAAcgBpAG0AYQByAHkAIAB2AGkAcwB1AGEAbAAgAGMAbwByAHQAZQB4ACAAcgBlAGMAZQBwAHQAaQB2AGUAIABmAGkAZQBsAGQAIABjAGgAYQBuAGcAZQBzACAAaQBuAGQAdQBjAGUAZAAgAGIAeQAgAGEAYgBuAG8AcgBtAGEAbAAgAHYAaQBzAHUAYQBsACAAaQBuAHAAdQB0AC0AYQAtAC4AcABkAGYADwAaAAwATQBhAGMAaQBuAHQAbwBzAGgAIABIAEQAEgC2VXNlcnMvYmJsYWlzL0RvY3VtZW50cy9CaWJEZXNrIEFydGljbGVzLzIwMTMtSHVudC5KO0RheWFuLlA7R29vZGhpbGwuRy1TcGFyc2UgY29kaW5nIGNhbiBwcmVkaWN0IHByaW1hcnkgdmlzdWFsIGNvcnRleCByZWNlcHRpdmUgZmllbGQgY2hhbmdlcyBpbmR1Y2VkIGJ5IGFibm9ybWFsIHZpc3VhbCBpbnB1dC1hLS5wZGYAEwABLwAAFQACAA3//wAAAAgADQAaACQA3wAAAAAAAAIBAAAAAAAAAAUAAAAAAAAAAAAAAAAAAART}}

@article{li2012relationship,
	author = {Li, Chuanming and Cheng, Lin and Yu, Qiongwu and Xie, Bing and Wang, Jian},
	date-added = {2018-10-09 07:33:57 -0400},
	date-modified = {2018-10-09 07:33:57 -0400},
	journal = {International journal of medical sciences},
	number = {1},
	pages = {115},
	publisher = {Ivyspring International Publisher},
	title = {Relationship of visual cortex function and visual acuity in anisometropic amblyopic children},
	volume = {9},
	year = {2012},
	bdsk-file-1 = {YnBsaXN0MDDSAQIDBFxyZWxhdGl2ZVBhdGhZYWxpYXNEYXRhXxCxLi4vLi4vLi4vLi4vLi4vRG9jdW1lbnRzL0JpYkRlc2sgQXJ0aWNsZXMvMjAxMi1MaS5DO0NoZW5nLkw7WXUuUTtYaWUuQjtXYW5nLkotUmVsYXRpb25zaGlwIG9mIHZpc3VhbCBjb3J0ZXggZnVuY3Rpb24gYW5kIHZpc3VhbCBhY3VpdHkgaW4gYW5pc29tZXRyb3BpYyBhbWJseW9waWMgY2hpbGRyZW4tYi0ucGRmTxEDVgAAAAADVgACAAAMTWFjaW50b3NoIEhEAAAAAAAAAAAAAAAAAAAAAAAAAEJEAAH/////HzIwMTItTGkuQztDaGVuZy5MOyNGRkZGRkZGRi5wZGYAAAAAAAAAAAAAAAAAAAAAAAAAAAAAAAAAAAAAAAAAAP////8AAAAAAAAAAAAAAAAABQADAAAKIGN1AAAAAAAAAAAAAAAAABBCaWJEZXNrIEFydGljbGVzAAIAsS86VXNlcnM6YmJsYWlzOkRvY3VtZW50czpCaWJEZXNrIEFydGljbGVzOjIwMTItTGkuQztDaGVuZy5MO1l1LlE7WGllLkI7V2FuZy5KLVJlbGF0aW9uc2hpcCBvZiB2aXN1YWwgY29ydGV4IGZ1bmN0aW9uIGFuZCB2aXN1YWwgYWN1aXR5IGluIGFuaXNvbWV0cm9waWMgYW1ibHlvcGljIGNoaWxkcmVuLWItLnBkZgAADgEQAIcAMgAwADEAMgAtAEwAaQAuAEMAOwBDAGgAZQBuAGcALgBMADsAWQB1AC4AUQA7AFgAaQBlAC4AQgA7AFcAYQBuAGcALgBKAC0AUgBlAGwAYQB0AGkAbwBuAHMAaABpAHAAIABvAGYAIAB2AGkAcwB1AGEAbAAgAGMAbwByAHQAZQB4ACAAZgB1AG4AYwB0AGkAbwBuACAAYQBuAGQAIAB2AGkAcwB1AGEAbAAgAGEAYwB1AGkAdAB5ACAAaQBuACAAYQBuAGkAcwBvAG0AZQB0AHIAbwBwAGkAYwAgAGEAbQBiAGwAeQBvAHAAaQBjACAAYwBoAGkAbABkAHIAZQBuAC0AYgAtAC4AcABkAGYADwAaAAwATQBhAGMAaQBuAHQAbwBzAGgAIABIAEQAEgCvVXNlcnMvYmJsYWlzL0RvY3VtZW50cy9CaWJEZXNrIEFydGljbGVzLzIwMTItTGkuQztDaGVuZy5MO1l1LlE7WGllLkI7V2FuZy5KLVJlbGF0aW9uc2hpcCBvZiB2aXN1YWwgY29ydGV4IGZ1bmN0aW9uIGFuZCB2aXN1YWwgYWN1aXR5IGluIGFuaXNvbWV0cm9waWMgYW1ibHlvcGljIGNoaWxkcmVuLWItLnBkZgAAEwABLwAAFQACAA3//wAAAAgADQAaACQA2AAAAAAAAAIBAAAAAAAAAAUAAAAAAAAAAAAAAAAAAAQy}}

@article{glaser2002randomized,
	author = {Glaser, Stephen R and Matazinski, Andrea M and Sclar, David M and Sala, Nicholas A and Vroman, Chrissy M and Tanner, Cindy E and Stager, David R and Berry, Priscilla M and Felius, Joost and Wilkerson, Jennifer A and others},
	date-added = {2018-07-10 14:23:56 +0000},
	date-modified = {2018-07-10 14:23:56 +0000},
	journal = {Archives of ophthalmology},
	number = {3},
	pages = {268--278},
	publisher = {American Medical Association},
	title = {A randomized trial of atropine vs patching for treatment of moderate amblyopia in children},
	volume = {120},
	year = {2002},
	bdsk-file-1 = {YnBsaXN0MDDSAQIDBFxyZWxhdGl2ZVBhdGhZYWxpYXNEYXRhXxD0Li4vLi4vLi4vLi4vLi4vRG9jdW1lbnRzL0JpYkRlc2sgQXJ0aWNsZXMvMjAwMi1HbGFzZXIuUztNYXRhemluc2tpLkE7U2NsYXIuRDtTYWxhLk47VnJvbWFuLkM7VGFubmVyLkM7U3RhZ2VyLkQ7QmVycnkuUDtGZWxpdXMuSjtXaWxrZXJzb24uSjtvdGhlcnMtQSByYW5kb21pemVkIHRyaWFsIG9mIGF0cm9waW5lIHZzIHBhdGNoaW5nIGZvciB0cmVhdG1lbnQgb2YgbW9kZXJhdGUgYW1ibHlvcGlhIGluIGNoaWxkcmVuLWEtLnBkZk8RBGAAAAAABGAAAgAADE1hY2ludG9zaCBIRAAAAAAAAAAAAAAAAAAAAAAAAABCRAAB/////x8yMDAyLUdsYXNlci5TO01hdGEjRkZGRkZGRkYucGRmAAAAAAAAAAAAAAAAAAAAAAAAAAAAAAAAAAAAAAAAAAD/////AAAAAAAAAAAAAAAAAAUAAwAACiBjdQAAAAAAAAAAAAAAAAAQQmliRGVzayBBcnRpY2xlcwACAPQvOlVzZXJzOmJibGFpczpEb2N1bWVudHM6QmliRGVzayBBcnRpY2xlczoyMDAyLUdsYXNlci5TO01hdGF6aW5za2kuQTtTY2xhci5EO1NhbGEuTjtWcm9tYW4uQztUYW5uZXIuQztTdGFnZXIuRDtCZXJyeS5QO0ZlbGl1cy5KO1dpbGtlcnNvbi5KO290aGVycy1BIHJhbmRvbWl6ZWQgdHJpYWwgb2YgYXRyb3BpbmUgdnMgcGF0Y2hpbmcgZm9yIHRyZWF0bWVudCBvZiBtb2RlcmF0ZSBhbWJseW9waWEgaW4gY2hpbGRyZW4tYS0ucGRmAA4BlgDKADIAMAAwADIALQBHAGwAYQBzAGUAcgAuAFMAOwBNAGEAdABhAHoAaQBuAHMAawBpAC4AQQA7AFMAYwBsAGEAcgAuAEQAOwBTAGEAbABhAC4ATgA7AFYAcgBvAG0AYQBuAC4AQwA7AFQAYQBuAG4AZQByAC4AQwA7AFMAdABhAGcAZQByAC4ARAA7AEIAZQByAHIAeQAuAFAAOwBGAGUAbABpAHUAcwAuAEoAOwBXAGkAbABrAGUAcgBzAG8AbgAuAEoAOwBvAHQAaABlAHIAcwAtAEEAIAByAGEAbgBkAG8AbQBpAHoAZQBkACAAdAByAGkAYQBsACAAbwBmACAAYQB0AHIAbwBwAGkAbgBlACAAdgBzACAAcABhAHQAYwBoAGkAbgBnACAAZgBvAHIAIAB0AHIAZQBhAHQAbQBlAG4AdAAgAG8AZgAgAG0AbwBkAGUAcgBhAHQAZQAgAGEAbQBiAGwAeQBvAHAAaQBhACAAaQBuACAAYwBoAGkAbABkAHIAZQBuAC0AYQAtAC4AcABkAGYADwAaAAwATQBhAGMAaQBuAHQAbwBzAGgAIABIAEQAEgDyVXNlcnMvYmJsYWlzL0RvY3VtZW50cy9CaWJEZXNrIEFydGljbGVzLzIwMDItR2xhc2VyLlM7TWF0YXppbnNraS5BO1NjbGFyLkQ7U2FsYS5OO1Zyb21hbi5DO1Rhbm5lci5DO1N0YWdlci5EO0JlcnJ5LlA7RmVsaXVzLko7V2lsa2Vyc29uLko7b3RoZXJzLUEgcmFuZG9taXplZCB0cmlhbCBvZiBhdHJvcGluZSB2cyBwYXRjaGluZyBmb3IgdHJlYXRtZW50IG9mIG1vZGVyYXRlIGFtYmx5b3BpYSBpbiBjaGlsZHJlbi1hLS5wZGYAEwABLwAAFQACAA3//wAAAAgADQAaACQBGwAAAAAAAAIBAAAAAAAAAAUAAAAAAAAAAAAAAAAAAAV/}}

@article{BlaisEtAl98,
	annote = {supported by ONR, Dana, NSF},
	author = {B. S. Blais and N. Intrator and H. Shouval and L. N Cooper},
	date-added = {2018-06-07 23:10:03 +0000},
	date-modified = {2018-06-07 23:10:03 +0000},
	journal = {Neural Computation},
	number = 7,
	pages = {1797-1813},
	title = {Receptive field formation in natural scene environments: comparison of single cell learning rules},
	volume = 10,
	year = 1998,
	bdsk-file-1 = {YnBsaXN0MDDSAQIDBFxyZWxhdGl2ZVBhdGhZYWxpYXNEYXRhXxC7Li4vLi4vLi4vLi4vLi4vRG9jdW1lbnRzL0JpYkRlc2sgQXJ0aWNsZXMvMTk5OC1CbGFpcy5CO0ludHJhdG9yLk47U2hvdXZhbC5IO0Nvb3Blci5MLVJlY2VwdGl2ZSBmaWVsZCBmb3JtYXRpb24gaW4gbmF0dXJhbCBzY2VuZSBlbnZpcm9ubWVudHMgY29tcGFyaXNvbiBvZiBzaW5nbGUgY2VsbCBsZWFybmluZyBydWxlcy0uLnBkZk8RA34AAAAAA34AAgAADE1hY2ludG9zaCBIRAAAAAAAAAAAAAAAAAAAAAAAAABCRAAB/////x8xOTk4LUJsYWlzLkI7SW50cmEjRkZGRkZGRkYucGRmAAAAAAAAAAAAAAAAAAAAAAAAAAAAAAAAAAAAAAAAAAD/////AAAAAAAAAAAAAAAAAAUAAwAACiBjdQAAAAAAAAAAAAAAAAAQQmliRGVzayBBcnRpY2xlcwACALsvOlVzZXJzOmJibGFpczpEb2N1bWVudHM6QmliRGVzayBBcnRpY2xlczoxOTk4LUJsYWlzLkI7SW50cmF0b3IuTjtTaG91dmFsLkg7Q29vcGVyLkwtUmVjZXB0aXZlIGZpZWxkIGZvcm1hdGlvbiBpbiBuYXR1cmFsIHNjZW5lIGVudmlyb25tZW50cyBjb21wYXJpc29uIG9mIHNpbmdsZSBjZWxsIGxlYXJuaW5nIHJ1bGVzLS4ucGRmAAAOASQAkQAxADkAOQA4AC0AQgBsAGEAaQBzAC4AQgA7AEkAbgB0AHIAYQB0AG8AcgAuAE4AOwBTAGgAbwB1AHYAYQBsAC4ASAA7AEMAbwBvAHAAZQByAC4ATAAtAFIAZQBjAGUAcAB0AGkAdgBlACAAZgBpAGUAbABkACAAZgBvAHIAbQBhAHQAaQBvAG4AIABpAG4AIABuAGEAdAB1AHIAYQBsACAAcwBjAGUAbgBlACAAZQBuAHYAaQByAG8AbgBtAGUAbgB0AHMAIABjAG8AbQBwAGEAcgBpAHMAbwBuACAAbwBmACAAcwBpAG4AZwBsAGUAIABjAGUAbABsACAAbABlAGEAcgBuAGkAbgBnACAAcgB1AGwAZQBzAC0ALgAuAHAAZABmAA8AGgAMAE0AYQBjAGkAbgB0AG8AcwBoACAASABEABIAuVVzZXJzL2JibGFpcy9Eb2N1bWVudHMvQmliRGVzayBBcnRpY2xlcy8xOTk4LUJsYWlzLkI7SW50cmF0b3IuTjtTaG91dmFsLkg7Q29vcGVyLkwtUmVjZXB0aXZlIGZpZWxkIGZvcm1hdGlvbiBpbiBuYXR1cmFsIHNjZW5lIGVudmlyb25tZW50cyBjb21wYXJpc29uIG9mIHNpbmdsZSBjZWxsIGxlYXJuaW5nIHJ1bGVzLS4ucGRmAAATAAEvAAAVAAIADf//AAAACAANABoAJADiAAAAAAAAAgEAAAAAAAAABQAAAAAAAAAAAAAAAAAABGQ=}}

@book{hubel1995eye,
	author = {Hubel, David H},
	date-added = {2018-05-25 15:05:10 +0000},
	date-modified = {2018-05-25 15:05:10 +0000},
	publisher = {Scientific American Library/Scientific American Books},
	title = {Eye, brain, and vision.},
	year = {1995}}

@article{SterlingEtAl1988,
	author = {Sterling, P and Freed, M A and Smith, R G},
	date-added = {2018-05-25 15:01:09 +0000},
	date-modified = {2018-05-25 15:01:09 +0000},
	journal = {J Neurosci},
	month = {Feb},
	number = {2},
	pages = {623--642},
	title = {{Architecture of rod and cone circuits to the on-beta ganglion cell}},
	volume = {8},
	year = {1988},
	bdsk-file-1 = {YnBsaXN0MDDSAQIDBFxyZWxhdGl2ZVBhdGhZYWxpYXNEYXRhXxCTLi4vLi4vLi4vLi4vLi4vRG9jdW1lbnRzL0JpYkRlc2sgQXJ0aWNsZXMvMTk4OC1TdGVybGluZy5QO0ZyZWVkLk07U21pdGguUi1BcmNoaXRlY3R1cmUgb2Ygcm9kIGFuZCBjb25lIGNpcmN1aXRzIHRvIHRoZSBvbi1iZXRhIGdhbmdsaW9uIGNlbGwtYS0ucGRmTxEC3gAAAAAC3gACAAAMTWFjaW50b3NoIEhEAAAAAAAAAAAAAAAAAAAAAAAAAEJEAAH/////HzE5ODgtU3RlcmxpbmcuUDtGciNGRkZGRkZGRi5wZGYAAAAAAAAAAAAAAAAAAAAAAAAAAAAAAAAAAAAAAAAAAP////8AAAAAUERGIENBUk8ABQADAAAKIGN1AAAAAAAAAAAAAAAAABBCaWJEZXNrIEFydGljbGVzAAIAky86VXNlcnM6YmJsYWlzOkRvY3VtZW50czpCaWJEZXNrIEFydGljbGVzOjE5ODgtU3RlcmxpbmcuUDtGcmVlZC5NO1NtaXRoLlItQXJjaGl0ZWN0dXJlIG9mIHJvZCBhbmQgY29uZSBjaXJjdWl0cyB0byB0aGUgb24tYmV0YSBnYW5nbGlvbiBjZWxsLWEtLnBkZgAADgDUAGkAMQA5ADgAOAAtAFMAdABlAHIAbABpAG4AZwAuAFAAOwBGAHIAZQBlAGQALgBNADsAUwBtAGkAdABoAC4AUgAtAEEAcgBjAGgAaQB0AGUAYwB0AHUAcgBlACAAbwBmACAAcgBvAGQAIABhAG4AZAAgAGMAbwBuAGUAIABjAGkAcgBjAHUAaQB0AHMAIAB0AG8AIAB0AGgAZQAgAG8AbgAtAGIAZQB0AGEAIABnAGEAbgBnAGwAaQBvAG4AIABjAGUAbABsAC0AYQAtAC4AcABkAGYADwAaAAwATQBhAGMAaQBuAHQAbwBzAGgAIABIAEQAEgCRVXNlcnMvYmJsYWlzL0RvY3VtZW50cy9CaWJEZXNrIEFydGljbGVzLzE5ODgtU3RlcmxpbmcuUDtGcmVlZC5NO1NtaXRoLlItQXJjaGl0ZWN0dXJlIG9mIHJvZCBhbmQgY29uZSBjaXJjdWl0cyB0byB0aGUgb24tYmV0YSBnYW5nbGlvbiBjZWxsLWEtLnBkZgAAEwABLwAAFQACAA3//wAAAAgADQAaACQAugAAAAAAAAIBAAAAAAAAAAUAAAAAAAAAAAAAAAAAAAOc}}

@article{JeonEtAl1998,
	author = {Jeon, C J and Strettoi, E and Masland, R H},
	date-added = {2018-05-25 15:00:57 +0000},
	date-modified = {2018-05-25 15:00:57 +0000},
	journal = {J Neurosci},
	month = {Nov},
	number = {21},
	pages = {8936--8946},
	title = {{The major cell populations of the mouse retina}},
	volume = {18},
	year = {1998},
	bdsk-file-1 = {YnBsaXN0MDDSAQIDBFxyZWxhdGl2ZVBhdGhZYWxpYXNEYXRhXxCALi4vLi4vLi4vLi4vLi4vRG9jdW1lbnRzL0JpYkRlc2sgQXJ0aWNsZXMvMTk5OC1KZW9uLkM7U3RyZXR0b2kuRTtNYXNsYW5kLlItVGhlIG1ham9yIGNlbGwgcG9wdWxhdGlvbnMgb2YgdGhlIG1vdXNlIHJldGluYS1hLS5wZGZPEQKQAAAAAAKQAAIAAAxNYWNpbnRvc2ggSEQAAAAAAAAAAAAAAAAAAAAAAAAAQkQAAf////8fMTk5OC1KZW9uLkM7U3RyZXR0I0ZGRkZGRkZGLnBkZgAAAAAAAAAAAAAAAAAAAAAAAAAAAAAAAAAAAAAAAAAA/////wAAAABQREYgQ0FSTwAFAAMAAAogY3UAAAAAAAAAAAAAAAAAEEJpYkRlc2sgQXJ0aWNsZXMAAgCALzpVc2VyczpiYmxhaXM6RG9jdW1lbnRzOkJpYkRlc2sgQXJ0aWNsZXM6MTk5OC1KZW9uLkM7U3RyZXR0b2kuRTtNYXNsYW5kLlItVGhlIG1ham9yIGNlbGwgcG9wdWxhdGlvbnMgb2YgdGhlIG1vdXNlIHJldGluYS1hLS5wZGYADgCuAFYAMQA5ADkAOAAtAEoAZQBvAG4ALgBDADsAUwB0AHIAZQB0AHQAbwBpAC4ARQA7AE0AYQBzAGwAYQBuAGQALgBSAC0AVABoAGUAIABtAGEAagBvAHIAIABjAGUAbABsACAAcABvAHAAdQBsAGEAdABpAG8AbgBzACAAbwBmACAAdABoAGUAIABtAG8AdQBzAGUAIAByAGUAdABpAG4AYQAtAGEALQAuAHAAZABmAA8AGgAMAE0AYQBjAGkAbgB0AG8AcwBoACAASABEABIAflVzZXJzL2JibGFpcy9Eb2N1bWVudHMvQmliRGVzayBBcnRpY2xlcy8xOTk4LUplb24uQztTdHJldHRvaS5FO01hc2xhbmQuUi1UaGUgbWFqb3IgY2VsbCBwb3B1bGF0aW9ucyBvZiB0aGUgbW91c2UgcmV0aW5hLWEtLnBkZgATAAEvAAAVAAIADf//AAAACAANABoAJACnAAAAAAAAAgEAAAAAAAAABQAAAAAAAAAAAAAAAAAAAzs=}}

@article{BCM82,
	author = {E. L. Bienenstock and L. N Cooper and P. W. Munro},
	date-added = {2018-05-25 14:17:28 +0000},
	date-modified = {2018-05-25 14:17:28 +0000},
	journal = {Journal of Neuroscience},
	pages = {32-48},
	title = {Theory for the development of neuron selectivity: orientation specificity and binocular interaction in visual cortex},
	volume = {2},
	year = {1982},
	bdsk-file-1 = {YnBsaXN0MDDSAQIDBFxyZWxhdGl2ZVBhdGhZYWxpYXNEYXRhXxDHLi4vLi4vLi4vLi4vLi4vRG9jdW1lbnRzL0JpYkRlc2sgQXJ0aWNsZXMvMTk4Mi1CaWVuZW5zdG9jay5FO0Nvb3Blci5MO011bnJvLlAtVGhlb3J5IGZvciB0aGUgZGV2ZWxvcG1lbnQgb2YgbmV1cm9uIHNlbGVjdGl2aXR5IG9yaWVudGF0aW9uIHNwZWNpZmljaXR5IGFuZCBiaW5vY3VsYXIgaW50ZXJhY3Rpb24gaW4gdmlzdWFsIGNvcnRleC0uLnBkZk8RA64AAAAAA64AAgAADE1hY2ludG9zaCBIRAAAAAAAAAAAAAAAAAAAAAAAAABCRAAB/////x8xOTgyLUJpZW5lbnN0b2NrLkUjRkZGRkZGRkYucGRmAAAAAAAAAAAAAAAAAAAAAAAAAAAAAAAAAAAAAAAAAAD/////AAAAAAAAAAAAAAAAAAUAAwAACiBjdQAAAAAAAAAAAAAAAAAQQmliRGVzayBBcnRpY2xlcwACAMcvOlVzZXJzOmJibGFpczpEb2N1bWVudHM6QmliRGVzayBBcnRpY2xlczoxOTgyLUJpZW5lbnN0b2NrLkU7Q29vcGVyLkw7TXVucm8uUC1UaGVvcnkgZm9yIHRoZSBkZXZlbG9wbWVudCBvZiBuZXVyb24gc2VsZWN0aXZpdHkgb3JpZW50YXRpb24gc3BlY2lmaWNpdHkgYW5kIGJpbm9jdWxhciBpbnRlcmFjdGlvbiBpbiB2aXN1YWwgY29ydGV4LS4ucGRmAAAOATwAnQAxADkAOAAyAC0AQgBpAGUAbgBlAG4AcwB0AG8AYwBrAC4ARQA7AEMAbwBvAHAAZQByAC4ATAA7AE0AdQBuAHIAbwAuAFAALQBUAGgAZQBvAHIAeQAgAGYAbwByACAAdABoAGUAIABkAGUAdgBlAGwAbwBwAG0AZQBuAHQAIABvAGYAIABuAGUAdQByAG8AbgAgAHMAZQBsAGUAYwB0AGkAdgBpAHQAeQAgAG8AcgBpAGUAbgB0AGEAdABpAG8AbgAgAHMAcABlAGMAaQBmAGkAYwBpAHQAeQAgAGEAbgBkACAAYgBpAG4AbwBjAHUAbABhAHIAIABpAG4AdABlAHIAYQBjAHQAaQBvAG4AIABpAG4AIAB2AGkAcwB1AGEAbAAgAGMAbwByAHQAZQB4AC0ALgAuAHAAZABmAA8AGgAMAE0AYQBjAGkAbgB0AG8AcwBoACAASABEABIAxVVzZXJzL2JibGFpcy9Eb2N1bWVudHMvQmliRGVzayBBcnRpY2xlcy8xOTgyLUJpZW5lbnN0b2NrLkU7Q29vcGVyLkw7TXVucm8uUC1UaGVvcnkgZm9yIHRoZSBkZXZlbG9wbWVudCBvZiBuZXVyb24gc2VsZWN0aXZpdHkgb3JpZW50YXRpb24gc3BlY2lmaWNpdHkgYW5kIGJpbm9jdWxhciBpbnRlcmFjdGlvbiBpbiB2aXN1YWwgY29ydGV4LS4ucGRmAAATAAEvAAAVAAIADf//AAAACAANABoAJADuAAAAAAAAAgEAAAAAAAAABQAAAAAAAAAAAAAAAAAABKA=}}

@article{WieselHubel65,
	author = {T. N. Wiesel and D. H. Hubel},
	date-added = {2018-03-28 10:17:47 +0000},
	date-modified = {2018-03-28 10:17:47 +0000},
	journal = {J. Neurophysiol.},
	pages = {1029-1040},
	title = {Comparison of the effects of unilateral and bilateral eye closure on cortical unit responses in kittens},
	volume = {28},
	year = {1965},
	bdsk-file-1 = {YnBsaXN0MDDSAQIDBFxyZWxhdGl2ZVBhdGhZYWxpYXNEYXRhXxCuLi4vLi4vLi4vLi4vLi4vRG9jdW1lbnRzL0JpYkRlc2sgQXJ0aWNsZXMvMTk2NS1XaWVzZWwuVDtIdWJlbC5ELUNvbXBhcmlzb24gb2YgdGhlIGVmZmVjdHMgb2YgdW5pbGF0ZXJhbCBhbmQgYmlsYXRlcmFsIGV5ZSBjbG9zdXJlIG9uIGNvcnRpY2FsIHVuaXQgcmVzcG9uc2VzIGluIGtpdHRlbnMtYS0ucGRmTxEDSAAAAAADSAACAAAMTWFjaW50b3NoIEhEAAAAAAAAAAAAAAAAAAAAAAAAAEJEAAH/////HzE5NjUtV2llc2VsLlQ7SHViZSNGRkZGRkZGRi5wZGYAAAAAAAAAAAAAAAAAAAAAAAAAAAAAAAAAAAAAAAAAAP////8AAAAAAAAAAAAAAAAABQADAAAKIGN1AAAAAAAAAAAAAAAAABBCaWJEZXNrIEFydGljbGVzAAIAri86VXNlcnM6YmJsYWlzOkRvY3VtZW50czpCaWJEZXNrIEFydGljbGVzOjE5NjUtV2llc2VsLlQ7SHViZWwuRC1Db21wYXJpc29uIG9mIHRoZSBlZmZlY3RzIG9mIHVuaWxhdGVyYWwgYW5kIGJpbGF0ZXJhbCBleWUgY2xvc3VyZSBvbiBjb3J0aWNhbCB1bml0IHJlc3BvbnNlcyBpbiBraXR0ZW5zLWEtLnBkZgAOAQoAhAAxADkANgA1AC0AVwBpAGUAcwBlAGwALgBUADsASAB1AGIAZQBsAC4ARAAtAEMAbwBtAHAAYQByAGkAcwBvAG4AIABvAGYAIAB0AGgAZQAgAGUAZgBmAGUAYwB0AHMAIABvAGYAIAB1AG4AaQBsAGEAdABlAHIAYQBsACAAYQBuAGQAIABiAGkAbABhAHQAZQByAGEAbAAgAGUAeQBlACAAYwBsAG8AcwB1AHIAZQAgAG8AbgAgAGMAbwByAHQAaQBjAGEAbAAgAHUAbgBpAHQAIAByAGUAcwBwAG8AbgBzAGUAcwAgAGkAbgAgAGsAaQB0AHQAZQBuAHMALQBhAC0ALgBwAGQAZgAPABoADABNAGEAYwBpAG4AdABvAHMAaAAgAEgARAASAKxVc2Vycy9iYmxhaXMvRG9jdW1lbnRzL0JpYkRlc2sgQXJ0aWNsZXMvMTk2NS1XaWVzZWwuVDtIdWJlbC5ELUNvbXBhcmlzb24gb2YgdGhlIGVmZmVjdHMgb2YgdW5pbGF0ZXJhbCBhbmQgYmlsYXRlcmFsIGV5ZSBjbG9zdXJlIG9uIGNvcnRpY2FsIHVuaXQgcmVzcG9uc2VzIGluIGtpdHRlbnMtYS0ucGRmABMAAS8AABUAAgAN//8AAAAIAA0AGgAkANUAAAAAAAACAQAAAAAAAAAFAAAAAAAAAAAAAAAAAAAEIQ==}}

@article{HubelWiesel65,
	author = {D. H. Hubel and T. N. Wiesel},
	date-added = {2018-03-28 10:17:47 +0000},
	date-modified = {2018-03-28 10:17:47 +0000},
	journal = {J. Neurophysiol.},
	pages = {1041-1059},
	title = {Binocular interactions in striate cortex of kittens reared with artificial squint.},
	volume = {28},
	year = {1965},
	bdsk-file-1 = {YnBsaXN0MDDSAQIDBFxyZWxhdGl2ZVBhdGhZYWxpYXNEYXRhXxCYLi4vLi4vLi4vLi4vLi4vRG9jdW1lbnRzL0JpYkRlc2sgQXJ0aWNsZXMvMTk2NS1IdWJlbC5EO1dpZXNlbC5ULUJpbm9jdWxhciBpbnRlcmFjdGlvbnMgaW4gc3RyaWF0ZSBjb3J0ZXggb2Yga2l0dGVucyByZWFyZWQgd2l0aCBhcnRpZmljaWFsIHNxdWludC4tLi5wZGZPEQLwAAAAAALwAAIAAAxNYWNpbnRvc2ggSEQAAAAAAAAAAAAAAAAAAAAAAAAAQkQAAf////8fMTk2NS1IdWJlbC5EO1dpZXNlI0ZGRkZGRkZGLnBkZgAAAAAAAAAAAAAAAAAAAAAAAAAAAAAAAAAAAAAAAAAA/////wAAAAAAAAAAAAAAAAAFAAMAAAogY3UAAAAAAAAAAAAAAAAAEEJpYkRlc2sgQXJ0aWNsZXMAAgCYLzpVc2VyczpiYmxhaXM6RG9jdW1lbnRzOkJpYkRlc2sgQXJ0aWNsZXM6MTk2NS1IdWJlbC5EO1dpZXNlbC5ULUJpbm9jdWxhciBpbnRlcmFjdGlvbnMgaW4gc3RyaWF0ZSBjb3J0ZXggb2Yga2l0dGVucyByZWFyZWQgd2l0aCBhcnRpZmljaWFsIHNxdWludC4tLi5wZGYADgDeAG4AMQA5ADYANQAtAEgAdQBiAGUAbAAuAEQAOwBXAGkAZQBzAGUAbAAuAFQALQBCAGkAbgBvAGMAdQBsAGEAcgAgAGkAbgB0AGUAcgBhAGMAdABpAG8AbgBzACAAaQBuACAAcwB0AHIAaQBhAHQAZQAgAGMAbwByAHQAZQB4ACAAbwBmACAAawBpAHQAdABlAG4AcwAgAHIAZQBhAHIAZQBkACAAdwBpAHQAaAAgAGEAcgB0AGkAZgBpAGMAaQBhAGwAIABzAHEAdQBpAG4AdAAuAC0ALgAuAHAAZABmAA8AGgAMAE0AYQBjAGkAbgB0AG8AcwBoACAASABEABIAllVzZXJzL2JibGFpcy9Eb2N1bWVudHMvQmliRGVzayBBcnRpY2xlcy8xOTY1LUh1YmVsLkQ7V2llc2VsLlQtQmlub2N1bGFyIGludGVyYWN0aW9ucyBpbiBzdHJpYXRlIGNvcnRleCBvZiBraXR0ZW5zIHJlYXJlZCB3aXRoIGFydGlmaWNpYWwgc3F1aW50Li0uLnBkZgATAAEvAAAVAAIADf//AAAACAANABoAJAC/AAAAAAAAAgEAAAAAAAAABQAAAAAAAAAAAAAAAAAAA7M=}}

@article{ShouvalEtAl95,
	abstract = {In this paper we realistically model a two-eye visual
		  environment and study its effect on single cell synaptic
		  modification. In particular, we study the effect of image
		  misalignment on receptive field formation after eye
		  opening. We show that binocular misalignment effects PCA
		  and BCM learning in different ways. For the BCM learning
		  rule this misalignment is sufficient to produce varying
		  degrees of ocular dominance, whereas for PCA learning
		  binocular neurons emerge in every case. Such differences
		  should help us distinguish between these learning rules.},
	annote = {Supported by Dana, ONR, NSF},
	author = {H. Shouval and N. Intrator and C. C. Law and L. N. Cooper},
	date-added = {2018-03-28 10:16:44 +0000},
	date-modified = {2018-03-28 10:16:44 +0000},
	journal = {Neural Computation},
	number = 5,
	pages = {1021--1040},
	title = {Effect of binocular cortical misalignment on Ocular Dominance and orientation selectivity},
	url = {ftp://cns.math.tau.ac.il/papers/single-coop.ps.Z},
	volume = 8,
	year = 1996,
	bdsk-file-1 = {YnBsaXN0MDDSAQIDBFxyZWxhdGl2ZVBhdGhZYWxpYXNEYXRhXxCyLi4vLi4vLi4vLi4vLi4vRG9jdW1lbnRzL0JpYkRlc2sgQXJ0aWNsZXMvMTk5Ni1TaG91dmFsLkg7SW50cmF0b3IuTjtMYXcuQztDb29wZXIuTC1FZmZlY3Qgb2YgYmlub2N1bGFyIGNvcnRpY2FsIG1pc2FsaWdubWVudCBvbiBPY3VsYXIgRG9taW5hbmNlIGFuZCBvcmllbnRhdGlvbiBzZWxlY3Rpdml0eS0uLnBkZk8RA1gAAAAAA1gAAgAADE1hY2ludG9zaCBIRAAAAAAAAAAAAAAAAAAAAAAAAABCRAAB/////x8xOTk2LVNob3V2YWwuSDtJbnQjRkZGRkZGRkYucGRmAAAAAAAAAAAAAAAAAAAAAAAAAAAAAAAAAAAAAAAAAAD/////AAAAAAAAAAAAAAAAAAUAAwAACiBjdQAAAAAAAAAAAAAAAAAQQmliRGVzayBBcnRpY2xlcwACALIvOlVzZXJzOmJibGFpczpEb2N1bWVudHM6QmliRGVzayBBcnRpY2xlczoxOTk2LVNob3V2YWwuSDtJbnRyYXRvci5OO0xhdy5DO0Nvb3Blci5MLUVmZmVjdCBvZiBiaW5vY3VsYXIgY29ydGljYWwgbWlzYWxpZ25tZW50IG9uIE9jdWxhciBEb21pbmFuY2UgYW5kIG9yaWVudGF0aW9uIHNlbGVjdGl2aXR5LS4ucGRmAA4BEgCIADEAOQA5ADYALQBTAGgAbwB1AHYAYQBsAC4ASAA7AEkAbgB0AHIAYQB0AG8AcgAuAE4AOwBMAGEAdwAuAEMAOwBDAG8AbwBwAGUAcgAuAEwALQBFAGYAZgBlAGMAdAAgAG8AZgAgAGIAaQBuAG8AYwB1AGwAYQByACAAYwBvAHIAdABpAGMAYQBsACAAbQBpAHMAYQBsAGkAZwBuAG0AZQBuAHQAIABvAG4AIABPAGMAdQBsAGEAcgAgAEQAbwBtAGkAbgBhAG4AYwBlACAAYQBuAGQAIABvAHIAaQBlAG4AdABhAHQAaQBvAG4AIABzAGUAbABlAGMAdABpAHYAaQB0AHkALQAuAC4AcABkAGYADwAaAAwATQBhAGMAaQBuAHQAbwBzAGgAIABIAEQAEgCwVXNlcnMvYmJsYWlzL0RvY3VtZW50cy9CaWJEZXNrIEFydGljbGVzLzE5OTYtU2hvdXZhbC5IO0ludHJhdG9yLk47TGF3LkM7Q29vcGVyLkwtRWZmZWN0IG9mIGJpbm9jdWxhciBjb3J0aWNhbCBtaXNhbGlnbm1lbnQgb24gT2N1bGFyIERvbWluYW5jZSBhbmQgb3JpZW50YXRpb24gc2VsZWN0aXZpdHktLi5wZGYAEwABLwAAFQACAA3//wAAAAgADQAaACQA2QAAAAAAAAIBAAAAAAAAAAUAAAAAAAAAAAAAAAAAAAQ1},
	bdsk-url-1 = {ftp://cns.math.tau.ac.il/papers/single-coop.ps.Z}}

@phdthesis{phd:Blais98,
	author = {Blais, Brian S.},
	date-added = {2018-03-28 10:15:51 +0000},
	date-modified = {2018-03-28 10:15:51 +0000},
	month = {May},
	school = {Brown University, Institute for Brain and Neural Systems; Dr. Leon N Cooper, Thesis Supervisor},
	title = {The Role of the Environment in Synaptic Plasticity:\\ Towards an Understanding of Learning and Memory},
	year = 1998,
	bdsk-file-1 = {YnBsaXN0MDDSAQIDBFxyZWxhdGl2ZVBhdGhZYWxpYXNEYXRhXxChLi4vLi4vLi4vLi4vLi4vRG9jdW1lbnRzL0JpYkRlc2sgQXJ0aWNsZXMvMTk5OC1CbGFpcy5CLVRoZSBSb2xlIG9mIHRoZSBFbnZpcm9ubWVudCBpbiBTeW5hcHRpYyBQbGFzdGljaXR5XFwgVG93YXJkcyBhbiBVbmRlcnN0YW5kaW5nIG9mIExlYXJuaW5nIGFuZCBNZW1vcnktLi5wZGZPEQMWAAAAAAMWAAIAAAxNYWNpbnRvc2ggSEQAAAAAAAAAAAAAAAAAAAAAAAAAQkQAAf////8fMTk5OC1CbGFpcy5CLVRoZSBSI0ZGRkZGRkZGLnBkZgAAAAAAAAAAAAAAAAAAAAAAAAAAAAAAAAAAAAAAAAAA/////wAAAAAAAAAAAAAAAAAFAAMAAAogY3UAAAAAAAAAAAAAAAAAEEJpYkRlc2sgQXJ0aWNsZXMAAgChLzpVc2VyczpiYmxhaXM6RG9jdW1lbnRzOkJpYkRlc2sgQXJ0aWNsZXM6MTk5OC1CbGFpcy5CLVRoZSBSb2xlIG9mIHRoZSBFbnZpcm9ubWVudCBpbiBTeW5hcHRpYyBQbGFzdGljaXR5XFwgVG93YXJkcyBhbiBVbmRlcnN0YW5kaW5nIG9mIExlYXJuaW5nIGFuZCBNZW1vcnktLi5wZGYAAA4A8AB3ADEAOQA5ADgALQBCAGwAYQBpAHMALgBCAC0AVABoAGUAIABSAG8AbABlACAAbwBmACAAdABoAGUAIABFAG4AdgBpAHIAbwBuAG0AZQBuAHQAIABpAG4AIABTAHkAbgBhAHAAdABpAGMAIABQAGwAYQBzAHQAaQBjAGkAdAB5AFwAXAAgAFQAbwB3AGEAcgBkAHMAIABhAG4AIABVAG4AZABlAHIAcwB0AGEAbgBkAGkAbgBnACAAbwBmACAATABlAGEAcgBuAGkAbgBnACAAYQBuAGQAIABNAGUAbQBvAHIAeQAtAC4ALgBwAGQAZgAPABoADABNAGEAYwBpAG4AdABvAHMAaAAgAEgARAASAJ9Vc2Vycy9iYmxhaXMvRG9jdW1lbnRzL0JpYkRlc2sgQXJ0aWNsZXMvMTk5OC1CbGFpcy5CLVRoZSBSb2xlIG9mIHRoZSBFbnZpcm9ubWVudCBpbiBTeW5hcHRpYyBQbGFzdGljaXR5XFwgVG93YXJkcyBhbiBVbmRlcnN0YW5kaW5nIG9mIExlYXJuaW5nIGFuZCBNZW1vcnktLi5wZGYAABMAAS8AABUAAgAN//8AAAAIAA0AGgAkAMgAAAAAAAACAQAAAAAAAAAFAAAAAAAAAAAAAAAAAAAD4g==},
	bdsk-file-2 = {YnBsaXN0MDDSAQIDBFxyZWxhdGl2ZVBhdGhZYWxpYXNEYXRhXxCiLi4vLi4vLi4vLi4vLi4vRG9jdW1lbnRzL0JpYkRlc2sgQXJ0aWNsZXMvMTk5OC1CbGFpcy5CLVRoZSBSb2xlIG9mIHRoZSBFbnZpcm9ubWVudCBpbiBTeW5hcHRpYyBQbGFzdGljaXR5XFwgVG93YXJkcyBhbiBVbmRlcnN0YW5kaW5nIG9mIExlYXJuaW5nIGFuZCBNZW1vcnktMC4ucGRmTxEDGAAAAAADGAACAAAMTWFjaW50b3NoIEhEAAAAAAAAAAAAAAAAAAAAAAAAAEJEAAH/////HzE5OTgtQmxhaXMuQi1UaGUgUiNGRkZGRkZGRi5wZGYAAAAAAAAAAAAAAAAAAAAAAAAAAAAAAAAAAAAAAAAAAP////8AAAAAAAAAAAAAAAAABQADAAAKIGN1AAAAAAAAAAAAAAAAABBCaWJEZXNrIEFydGljbGVzAAIAoi86VXNlcnM6YmJsYWlzOkRvY3VtZW50czpCaWJEZXNrIEFydGljbGVzOjE5OTgtQmxhaXMuQi1UaGUgUm9sZSBvZiB0aGUgRW52aXJvbm1lbnQgaW4gU3luYXB0aWMgUGxhc3RpY2l0eVxcIFRvd2FyZHMgYW4gVW5kZXJzdGFuZGluZyBvZiBMZWFybmluZyBhbmQgTWVtb3J5LTAuLnBkZgAOAPIAeAAxADkAOQA4AC0AQgBsAGEAaQBzAC4AQgAtAFQAaABlACAAUgBvAGwAZQAgAG8AZgAgAHQAaABlACAARQBuAHYAaQByAG8AbgBtAGUAbgB0ACAAaQBuACAAUwB5AG4AYQBwAHQAaQBjACAAUABsAGEAcwB0AGkAYwBpAHQAeQBcAFwAIABUAG8AdwBhAHIAZABzACAAYQBuACAAVQBuAGQAZQByAHMAdABhAG4AZABpAG4AZwAgAG8AZgAgAEwAZQBhAHIAbgBpAG4AZwAgAGEAbgBkACAATQBlAG0AbwByAHkALQAwAC4ALgBwAGQAZgAPABoADABNAGEAYwBpAG4AdABvAHMAaAAgAEgARAASAKBVc2Vycy9iYmxhaXMvRG9jdW1lbnRzL0JpYkRlc2sgQXJ0aWNsZXMvMTk5OC1CbGFpcy5CLVRoZSBSb2xlIG9mIHRoZSBFbnZpcm9ubWVudCBpbiBTeW5hcHRpYyBQbGFzdGljaXR5XFwgVG93YXJkcyBhbiBVbmRlcnN0YW5kaW5nIG9mIExlYXJuaW5nIGFuZCBNZW1vcnktMC4ucGRmABMAAS8AABUAAgAN//8AAAAIAA0AGgAkAMkAAAAAAAACAQAAAAAAAAAFAAAAAAAAAAAAAAAAAAAD5Q==},
	bdsk-file-3 = {YnBsaXN0MDDSAQIDBFxyZWxhdGl2ZVBhdGhZYWxpYXNEYXRhXxCiLi4vLi4vLi4vLi4vLi4vRG9jdW1lbnRzL0JpYkRlc2sgQXJ0aWNsZXMvMTk5OC1CbGFpcy5CLVRoZSBSb2xlIG9mIHRoZSBFbnZpcm9ubWVudCBpbiBTeW5hcHRpYyBQbGFzdGljaXR5XFwgVG93YXJkcyBhbiBVbmRlcnN0YW5kaW5nIG9mIExlYXJuaW5nIGFuZCBNZW1vcnktMS4ucGRmTxEDGAAAAAADGAACAAAMTWFjaW50b3NoIEhEAAAAAAAAAAAAAAAAAAAAAAAAAEJEAAH/////HzE5OTgtQmxhaXMuQi1UaGUgUiNGRkZGRkZGRi5wZGYAAAAAAAAAAAAAAAAAAAAAAAAAAAAAAAAAAAAAAAAAAP////8AAAAAAAAAAAAAAAAABQADAAAKIGN1AAAAAAAAAAAAAAAAABBCaWJEZXNrIEFydGljbGVzAAIAoi86VXNlcnM6YmJsYWlzOkRvY3VtZW50czpCaWJEZXNrIEFydGljbGVzOjE5OTgtQmxhaXMuQi1UaGUgUm9sZSBvZiB0aGUgRW52aXJvbm1lbnQgaW4gU3luYXB0aWMgUGxhc3RpY2l0eVxcIFRvd2FyZHMgYW4gVW5kZXJzdGFuZGluZyBvZiBMZWFybmluZyBhbmQgTWVtb3J5LTEuLnBkZgAOAPIAeAAxADkAOQA4AC0AQgBsAGEAaQBzAC4AQgAtAFQAaABlACAAUgBvAGwAZQAgAG8AZgAgAHQAaABlACAARQBuAHYAaQByAG8AbgBtAGUAbgB0ACAAaQBuACAAUwB5AG4AYQBwAHQAaQBjACAAUABsAGEAcwB0AGkAYwBpAHQAeQBcAFwAIABUAG8AdwBhAHIAZABzACAAYQBuACAAVQBuAGQAZQByAHMAdABhAG4AZABpAG4AZwAgAG8AZgAgAEwAZQBhAHIAbgBpAG4AZwAgAGEAbgBkACAATQBlAG0AbwByAHkALQAxAC4ALgBwAGQAZgAPABoADABNAGEAYwBpAG4AdABvAHMAaAAgAEgARAASAKBVc2Vycy9iYmxhaXMvRG9jdW1lbnRzL0JpYkRlc2sgQXJ0aWNsZXMvMTk5OC1CbGFpcy5CLVRoZSBSb2xlIG9mIHRoZSBFbnZpcm9ubWVudCBpbiBTeW5hcHRpYyBQbGFzdGljaXR5XFwgVG93YXJkcyBhbiBVbmRlcnN0YW5kaW5nIG9mIExlYXJuaW5nIGFuZCBNZW1vcnktMS4ucGRmABMAAS8AABUAAgAN//8AAAAIAA0AGgAkAMkAAAAAAAACAQAAAAAAAAAFAAAAAAAAAAAAAAAAAAAD5Q==},
	bdsk-file-4 = {YnBsaXN0MDDSAQIDBFxyZWxhdGl2ZVBhdGhZYWxpYXNEYXRhXxCiLi4vLi4vLi4vLi4vLi4vRG9jdW1lbnRzL0JpYkRlc2sgQXJ0aWNsZXMvMTk5OC1CbGFpcy5CLVRoZSBSb2xlIG9mIHRoZSBFbnZpcm9ubWVudCBpbiBTeW5hcHRpYyBQbGFzdGljaXR5XFwgVG93YXJkcyBhbiBVbmRlcnN0YW5kaW5nIG9mIExlYXJuaW5nIGFuZCBNZW1vcnktMi4ucGRmTxEDGAAAAAADGAACAAAMTWFjaW50b3NoIEhEAAAAAAAAAAAAAAAAAAAAAAAAAEJEAAH/////HzE5OTgtQmxhaXMuQi1UaGUgUiNGRkZGRkZGRi5wZGYAAAAAAAAAAAAAAAAAAAAAAAAAAAAAAAAAAAAAAAAAAP////8AAAAAAAAAAAAAAAAABQADAAAKIGN1AAAAAAAAAAAAAAAAABBCaWJEZXNrIEFydGljbGVzAAIAoi86VXNlcnM6YmJsYWlzOkRvY3VtZW50czpCaWJEZXNrIEFydGljbGVzOjE5OTgtQmxhaXMuQi1UaGUgUm9sZSBvZiB0aGUgRW52aXJvbm1lbnQgaW4gU3luYXB0aWMgUGxhc3RpY2l0eVxcIFRvd2FyZHMgYW4gVW5kZXJzdGFuZGluZyBvZiBMZWFybmluZyBhbmQgTWVtb3J5LTIuLnBkZgAOAPIAeAAxADkAOQA4AC0AQgBsAGEAaQBzAC4AQgAtAFQAaABlACAAUgBvAGwAZQAgAG8AZgAgAHQAaABlACAARQBuAHYAaQByAG8AbgBtAGUAbgB0ACAAaQBuACAAUwB5AG4AYQBwAHQAaQBjACAAUABsAGEAcwB0AGkAYwBpAHQAeQBcAFwAIABUAG8AdwBhAHIAZABzACAAYQBuACAAVQBuAGQAZQByAHMAdABhAG4AZABpAG4AZwAgAG8AZgAgAEwAZQBhAHIAbgBpAG4AZwAgAGEAbgBkACAATQBlAG0AbwByAHkALQAyAC4ALgBwAGQAZgAPABoADABNAGEAYwBpAG4AdABvAHMAaAAgAEgARAASAKBVc2Vycy9iYmxhaXMvRG9jdW1lbnRzL0JpYkRlc2sgQXJ0aWNsZXMvMTk5OC1CbGFpcy5CLVRoZSBSb2xlIG9mIHRoZSBFbnZpcm9ubWVudCBpbiBTeW5hcHRpYyBQbGFzdGljaXR5XFwgVG93YXJkcyBhbiBVbmRlcnN0YW5kaW5nIG9mIExlYXJuaW5nIGFuZCBNZW1vcnktMi4ucGRmABMAAS8AABUAAgAN//8AAAAIAA0AGgAkAMkAAAAAAAACAQAAAAAAAAAFAAAAAAAAAAAAAAAAAAAD5Q==},
	bdsk-file-5 = {YnBsaXN0MDDSAQIDBFxyZWxhdGl2ZVBhdGhZYWxpYXNEYXRhXxCiLi4vLi4vLi4vLi4vLi4vRG9jdW1lbnRzL0JpYkRlc2sgQXJ0aWNsZXMvMTk5OC1CbGFpcy5CLVRoZSBSb2xlIG9mIHRoZSBFbnZpcm9ubWVudCBpbiBTeW5hcHRpYyBQbGFzdGljaXR5XFwgVG93YXJkcyBhbiBVbmRlcnN0YW5kaW5nIG9mIExlYXJuaW5nIGFuZCBNZW1vcnktMy4ucGRmTxEDGAAAAAADGAACAAAMTWFjaW50b3NoIEhEAAAAAAAAAAAAAAAAAAAAAAAAAEJEAAH/////HzE5OTgtQmxhaXMuQi1UaGUgUiNGRkZGRkZGRi5wZGYAAAAAAAAAAAAAAAAAAAAAAAAAAAAAAAAAAAAAAAAAAP////8AAAAAAAAAAAAAAAAABQADAAAKIGN1AAAAAAAAAAAAAAAAABBCaWJEZXNrIEFydGljbGVzAAIAoi86VXNlcnM6YmJsYWlzOkRvY3VtZW50czpCaWJEZXNrIEFydGljbGVzOjE5OTgtQmxhaXMuQi1UaGUgUm9sZSBvZiB0aGUgRW52aXJvbm1lbnQgaW4gU3luYXB0aWMgUGxhc3RpY2l0eVxcIFRvd2FyZHMgYW4gVW5kZXJzdGFuZGluZyBvZiBMZWFybmluZyBhbmQgTWVtb3J5LTMuLnBkZgAOAPIAeAAxADkAOQA4AC0AQgBsAGEAaQBzAC4AQgAtAFQAaABlACAAUgBvAGwAZQAgAG8AZgAgAHQAaABlACAARQBuAHYAaQByAG8AbgBtAGUAbgB0ACAAaQBuACAAUwB5AG4AYQBwAHQAaQBjACAAUABsAGEAcwB0AGkAYwBpAHQAeQBcAFwAIABUAG8AdwBhAHIAZABzACAAYQBuACAAVQBuAGQAZQByAHMAdABhAG4AZABpAG4AZwAgAG8AZgAgAEwAZQBhAHIAbgBpAG4AZwAgAGEAbgBkACAATQBlAG0AbwByAHkALQAzAC4ALgBwAGQAZgAPABoADABNAGEAYwBpAG4AdABvAHMAaAAgAEgARAASAKBVc2Vycy9iYmxhaXMvRG9jdW1lbnRzL0JpYkRlc2sgQXJ0aWNsZXMvMTk5OC1CbGFpcy5CLVRoZSBSb2xlIG9mIHRoZSBFbnZpcm9ubWVudCBpbiBTeW5hcHRpYyBQbGFzdGljaXR5XFwgVG93YXJkcyBhbiBVbmRlcnN0YW5kaW5nIG9mIExlYXJuaW5nIGFuZCBNZW1vcnktMy4ucGRmABMAAS8AABUAAgAN//8AAAAIAA0AGgAkAMkAAAAAAAACAQAAAAAAAAAFAAAAAAAAAAAAAAAAAAAD5Q==},
	bdsk-file-6 = {YnBsaXN0MDDSAQIDBFxyZWxhdGl2ZVBhdGhZYWxpYXNEYXRhXxCiLi4vLi4vLi4vLi4vLi4vRG9jdW1lbnRzL0JpYkRlc2sgQXJ0aWNsZXMvMTk5OC1CbGFpcy5CLVRoZSBSb2xlIG9mIHRoZSBFbnZpcm9ubWVudCBpbiBTeW5hcHRpYyBQbGFzdGljaXR5XFwgVG93YXJkcyBhbiBVbmRlcnN0YW5kaW5nIG9mIExlYXJuaW5nIGFuZCBNZW1vcnktNC4ucGRmTxEDGAAAAAADGAACAAAMTWFjaW50b3NoIEhEAAAAAAAAAAAAAAAAAAAAAAAAAEJEAAH/////HzE5OTgtQmxhaXMuQi1UaGUgUiNGRkZGRkZGRi5wZGYAAAAAAAAAAAAAAAAAAAAAAAAAAAAAAAAAAAAAAAAAAP////8AAAAAAAAAAAAAAAAABQADAAAKIGN1AAAAAAAAAAAAAAAAABBCaWJEZXNrIEFydGljbGVzAAIAoi86VXNlcnM6YmJsYWlzOkRvY3VtZW50czpCaWJEZXNrIEFydGljbGVzOjE5OTgtQmxhaXMuQi1UaGUgUm9sZSBvZiB0aGUgRW52aXJvbm1lbnQgaW4gU3luYXB0aWMgUGxhc3RpY2l0eVxcIFRvd2FyZHMgYW4gVW5kZXJzdGFuZGluZyBvZiBMZWFybmluZyBhbmQgTWVtb3J5LTQuLnBkZgAOAPIAeAAxADkAOQA4AC0AQgBsAGEAaQBzAC4AQgAtAFQAaABlACAAUgBvAGwAZQAgAG8AZgAgAHQAaABlACAARQBuAHYAaQByAG8AbgBtAGUAbgB0ACAAaQBuACAAUwB5AG4AYQBwAHQAaQBjACAAUABsAGEAcwB0AGkAYwBpAHQAeQBcAFwAIABUAG8AdwBhAHIAZABzACAAYQBuACAAVQBuAGQAZQByAHMAdABhAG4AZABpAG4AZwAgAG8AZgAgAEwAZQBhAHIAbgBpAG4AZwAgAGEAbgBkACAATQBlAG0AbwByAHkALQA0AC4ALgBwAGQAZgAPABoADABNAGEAYwBpAG4AdABvAHMAaAAgAEgARAASAKBVc2Vycy9iYmxhaXMvRG9jdW1lbnRzL0JpYkRlc2sgQXJ0aWNsZXMvMTk5OC1CbGFpcy5CLVRoZSBSb2xlIG9mIHRoZSBFbnZpcm9ubWVudCBpbiBTeW5hcHRpYyBQbGFzdGljaXR5XFwgVG93YXJkcyBhbiBVbmRlcnN0YW5kaW5nIG9mIExlYXJuaW5nIGFuZCBNZW1vcnktNC4ucGRmABMAAS8AABUAAgAN//8AAAAIAA0AGgAkAMkAAAAAAAACAQAAAAAAAAAFAAAAAAAAAAAAAAAAAAAD5Q==}}

@article{BlaisEtAl99,
	annote = {supported by ONR, Dana},
	author = {Brian Blais and Harel Shouval and Leon N Cooper},
	date-added = {2018-03-28 10:15:44 +0000},
	date-modified = {2018-03-28 10:15:44 +0000},
	journal = {Proc. Natl. Acad. Sci.},
	pages = {1083-1087},
	title = {The Role of Presynaptic Activity in Monocular Deprivation: Comparison of Homosynaptic and Heterosynaptic Mechanisms},
	volume = 96,
	year = 1999,
	bdsk-file-1 = {YnBsaXN0MDDSAQIDBFxyZWxhdGl2ZVBhdGhZYWxpYXNEYXRhXxDCLi4vLi4vLi4vLi4vLi4vRG9jdW1lbnRzL0JpYkRlc2sgQXJ0aWNsZXMvMTk5OS1CbGFpcy5CO1Nob3V2YWwuSDtDb29wZXIuTC1UaGUgUm9sZSBvZiBQcmVzeW5hcHRpYyBBY3Rpdml0eSBpbiBNb25vY3VsYXIgRGVwcml2YXRpb24gQ29tcGFyaXNvbiBvZiBIb21vc3luYXB0aWMgYW5kIEhldGVyb3N5bmFwdGljIE1lY2hhbmlzbXMtLi5wZGZPEQOYAAAAAAOYAAIAAAxNYWNpbnRvc2ggSEQAAAAAAAAAAAAAAAAAAAAAAAAAQkQAAf////8fMTk5OS1CbGFpcy5CO1Nob3V2I0ZGRkZGRkZGLnBkZgAAAAAAAAAAAAAAAAAAAAAAAAAAAAAAAAAAAAAAAAAA/////wAAAAAAAAAAAAAAAAAFAAMAAAogY3UAAAAAAAAAAAAAAAAAEEJpYkRlc2sgQXJ0aWNsZXMAAgDCLzpVc2VyczpiYmxhaXM6RG9jdW1lbnRzOkJpYkRlc2sgQXJ0aWNsZXM6MTk5OS1CbGFpcy5CO1Nob3V2YWwuSDtDb29wZXIuTC1UaGUgUm9sZSBvZiBQcmVzeW5hcHRpYyBBY3Rpdml0eSBpbiBNb25vY3VsYXIgRGVwcml2YXRpb24gQ29tcGFyaXNvbiBvZiBIb21vc3luYXB0aWMgYW5kIEhldGVyb3N5bmFwdGljIE1lY2hhbmlzbXMtLi5wZGYADgEyAJgAMQA5ADkAOQAtAEIAbABhAGkAcwAuAEIAOwBTAGgAbwB1AHYAYQBsAC4ASAA7AEMAbwBvAHAAZQByAC4ATAAtAFQAaABlACAAUgBvAGwAZQAgAG8AZgAgAFAAcgBlAHMAeQBuAGEAcAB0AGkAYwAgAEEAYwB0AGkAdgBpAHQAeQAgAGkAbgAgAE0AbwBuAG8AYwB1AGwAYQByACAARABlAHAAcgBpAHYAYQB0AGkAbwBuACAAQwBvAG0AcABhAHIAaQBzAG8AbgAgAG8AZgAgAEgAbwBtAG8AcwB5AG4AYQBwAHQAaQBjACAAYQBuAGQAIABIAGUAdABlAHIAbwBzAHkAbgBhAHAAdABpAGMAIABNAGUAYwBoAGEAbgBpAHMAbQBzAC0ALgAuAHAAZABmAA8AGgAMAE0AYQBjAGkAbgB0AG8AcwBoACAASABEABIAwFVzZXJzL2JibGFpcy9Eb2N1bWVudHMvQmliRGVzayBBcnRpY2xlcy8xOTk5LUJsYWlzLkI7U2hvdXZhbC5IO0Nvb3Blci5MLVRoZSBSb2xlIG9mIFByZXN5bmFwdGljIEFjdGl2aXR5IGluIE1vbm9jdWxhciBEZXByaXZhdGlvbiBDb21wYXJpc29uIG9mIEhvbW9zeW5hcHRpYyBhbmQgSGV0ZXJvc3luYXB0aWMgTWVjaGFuaXNtcy0uLnBkZgATAAEvAAAVAAIADf//AAAACAANABoAJADpAAAAAAAAAgEAAAAAAAAABQAAAAAAAAAAAAAAAAAABIU=}}

@article{BlaisEtAl99b,
	author = {Brian Blais and Leon N Cooper and Harel Shouval},
	date-added = {2018-03-28 10:15:35 +0000},
	date-modified = {2018-03-28 10:15:35 +0000},
	journal = {Neural Computation},
	number = 5,
	pages = {1057--1066},
	title = {Formation of Direction Selectivity in Natural Scene Environments},
	volume = 12,
	year = {2000},
	bdsk-file-1 = {YnBsaXN0MDDSAQIDBFxyZWxhdGl2ZVBhdGhZYWxpYXNEYXRhXxCQLi4vLi4vLi4vLi4vLi4vRG9jdW1lbnRzL0JpYkRlc2sgQXJ0aWNsZXMvMjAwMC1CbGFpcy5CO0Nvb3Blci5MO1Nob3V2YWwuSC1Gb3JtYXRpb24gb2YgRGlyZWN0aW9uIFNlbGVjdGl2aXR5IGluIE5hdHVyYWwgU2NlbmUgRW52aXJvbm1lbnRzLS4ucGRmTxEC0AAAAAAC0AACAAAMTWFjaW50b3NoIEhEAAAAAAAAAAAAAAAAAAAAAAAAAEJEAAH/////HzIwMDAtQmxhaXMuQjtDb29wZSNGRkZGRkZGRi5wZGYAAAAAAAAAAAAAAAAAAAAAAAAAAAAAAAAAAAAAAAAAAP////8AAAAAAAAAAAAAAAAABQADAAAKIGN1AAAAAAAAAAAAAAAAABBCaWJEZXNrIEFydGljbGVzAAIAkC86VXNlcnM6YmJsYWlzOkRvY3VtZW50czpCaWJEZXNrIEFydGljbGVzOjIwMDAtQmxhaXMuQjtDb29wZXIuTDtTaG91dmFsLkgtRm9ybWF0aW9uIG9mIERpcmVjdGlvbiBTZWxlY3Rpdml0eSBpbiBOYXR1cmFsIFNjZW5lIEVudmlyb25tZW50cy0uLnBkZgAOAM4AZgAyADAAMAAwAC0AQgBsAGEAaQBzAC4AQgA7AEMAbwBvAHAAZQByAC4ATAA7AFMAaABvAHUAdgBhAGwALgBIAC0ARgBvAHIAbQBhAHQAaQBvAG4AIABvAGYAIABEAGkAcgBlAGMAdABpAG8AbgAgAFMAZQBsAGUAYwB0AGkAdgBpAHQAeQAgAGkAbgAgAE4AYQB0AHUAcgBhAGwAIABTAGMAZQBuAGUAIABFAG4AdgBpAHIAbwBuAG0AZQBuAHQAcwAtAC4ALgBwAGQAZgAPABoADABNAGEAYwBpAG4AdABvAHMAaAAgAEgARAASAI5Vc2Vycy9iYmxhaXMvRG9jdW1lbnRzL0JpYkRlc2sgQXJ0aWNsZXMvMjAwMC1CbGFpcy5CO0Nvb3Blci5MO1Nob3V2YWwuSC1Gb3JtYXRpb24gb2YgRGlyZWN0aW9uIFNlbGVjdGl2aXR5IGluIE5hdHVyYWwgU2NlbmUgRW52aXJvbm1lbnRzLS4ucGRmABMAAS8AABUAAgAN//8AAAAIAA0AGgAkALcAAAAAAAACAQAAAAAAAAAFAAAAAAAAAAAAAAAAAAADiw==}}

@article{Blais:2009fk,
	abstract = {Monocular deprivation experiments can be used to distinguish between different ideas concerning properties of cortical synaptic plasticity. Monocular deprivation by lid suture causes a rapid disconnection of the deprived eye connected to cortical neurons whereas total inactivation of the deprived eye produces much less of an ocular dominance shift. In order to understand these results one needs to know how lid suture and retinal inactivation affect neurons in the lateral geniculate nucleus (LGN) that provide the cortical input. Recent experimental results by Linden showed that monocular lid suture and monocular inactivation do not change the mean firing rates of LGN neurons but that lid suture reduces correlations between adjacent neurons whereas monocular inactivation leads to correlated firing. These, somewhat surprising, results contradict assumptions that have been made to explain the outcomes of different monocular deprivation protocols. Based on these experimental results we modify our assumptions about inputs to cortex during different deprivation protocols and show their implications when combined with different cortical plasticity rules. Using theoretical analysis, random matrix theory and simulations we show that high levels of correlations reduce the ocular dominance shift in learning rules that depend on homosynaptic depression (i.e., Bienenstock-Cooper-Munro type rules), consistent with experimental results, but have the opposite effect in rules that depend on heterosynaptic depression (i.e., Hebbian/principal component analysis type rules).},
	author = {Blais, Brian S and Cooper, Leon N and Shouval, Harel Z},
	date-added = {2018-03-28 10:15:27 +0000},
	date-modified = {2018-03-28 10:15:27 +0000},
	journal = {Phys Rev E Stat Nonlin Soft Matter Phys},
	journal-full = {Physical review. E, Statistical, nonlinear, and soft matter physics},
	mesh = {Action Potentials; Computer Simulation; Eye Movements; Geniculate Bodies; Humans; Models, Neurological; Neural Inhibition; Neuronal Plasticity; Retina; Statistics as Topic; Vision, Monocular},
	month = {Dec},
	number = {6 Pt 1},
	pages = {061915},
	pmid = {20365198},
	pst = {ppublish},
	title = {Effect of correlated lateral geniculate nucleus firing rates on predictions for monocular eye closure versus monocular retinal inactivation},
	volume = {80},
	year = {2009},
	bdsk-file-1 = {YnBsaXN0MDDSAQIDBFxyZWxhdGl2ZVBhdGhZYWxpYXNEYXRhXxDbLi4vLi4vLi4vLi4vLi4vRG9jdW1lbnRzL0JpYkRlc2sgQXJ0aWNsZXMvMjAwOS1CbGFpcy5CO0Nvb3Blci5MO1Nob3V2YWwuSC1FZmZlY3Qgb2YgY29ycmVsYXRlZCBsYXRlcmFsIGdlbmljdWxhdGUgbnVjbGV1cyBmaXJpbmcgcmF0ZXMgb24gcHJlZGljdGlvbnMgZm9yIG1vbm9jdWxhciBleWUgY2xvc3VyZSB2ZXJzdXMgbW9ub2N1bGFyIHJldGluYWwgaW5hY3RpdmF0aW9uLS4ucGRmTxED/gAAAAAD/gACAAAMTWFjaW50b3NoIEhEAAAAAAAAAAAAAAAAAAAAAAAAAEJEAAH/////HzIwMDktQmxhaXMuQjtDb29wZSNGRkZGRkZGRi5wZGYAAAAAAAAAAAAAAAAAAAAAAAAAAAAAAAAAAAAAAAAAAP////8AAAAAAAAAAAAAAAAABQADAAAKIGN1AAAAAAAAAAAAAAAAABBCaWJEZXNrIEFydGljbGVzAAIA2y86VXNlcnM6YmJsYWlzOkRvY3VtZW50czpCaWJEZXNrIEFydGljbGVzOjIwMDktQmxhaXMuQjtDb29wZXIuTDtTaG91dmFsLkgtRWZmZWN0IG9mIGNvcnJlbGF0ZWQgbGF0ZXJhbCBnZW5pY3VsYXRlIG51Y2xldXMgZmlyaW5nIHJhdGVzIG9uIHByZWRpY3Rpb25zIGZvciBtb25vY3VsYXIgZXllIGNsb3N1cmUgdmVyc3VzIG1vbm9jdWxhciByZXRpbmFsIGluYWN0aXZhdGlvbi0uLnBkZgAADgFkALEAMgAwADAAOQAtAEIAbABhAGkAcwAuAEIAOwBDAG8AbwBwAGUAcgAuAEwAOwBTAGgAbwB1AHYAYQBsAC4ASAAtAEUAZgBmAGUAYwB0ACAAbwBmACAAYwBvAHIAcgBlAGwAYQB0AGUAZAAgAGwAYQB0AGUAcgBhAGwAIABnAGUAbgBpAGMAdQBsAGEAdABlACAAbgB1AGMAbABlAHUAcwAgAGYAaQByAGkAbgBnACAAcgBhAHQAZQBzACAAbwBuACAAcAByAGUAZABpAGMAdABpAG8AbgBzACAAZgBvAHIAIABtAG8AbgBvAGMAdQBsAGEAcgAgAGUAeQBlACAAYwBsAG8AcwB1AHIAZQAgAHYAZQByAHMAdQBzACAAbQBvAG4AbwBjAHUAbABhAHIAIAByAGUAdABpAG4AYQBsACAAaQBuAGEAYwB0AGkAdgBhAHQAaQBvAG4ALQAuAC4AcABkAGYADwAaAAwATQBhAGMAaQBuAHQAbwBzAGgAIABIAEQAEgDZVXNlcnMvYmJsYWlzL0RvY3VtZW50cy9CaWJEZXNrIEFydGljbGVzLzIwMDktQmxhaXMuQjtDb29wZXIuTDtTaG91dmFsLkgtRWZmZWN0IG9mIGNvcnJlbGF0ZWQgbGF0ZXJhbCBnZW5pY3VsYXRlIG51Y2xldXMgZmlyaW5nIHJhdGVzIG9uIHByZWRpY3Rpb25zIGZvciBtb25vY3VsYXIgZXllIGNsb3N1cmUgdmVyc3VzIG1vbm9jdWxhciByZXRpbmFsIGluYWN0aXZhdGlvbi0uLnBkZgAAEwABLwAAFQACAA3//wAAAAgADQAaACQBAgAAAAAAAAIBAAAAAAAAAAUAAAAAAAAAAAAAAAAAAAUE},
	bdsk-file-2 = {YnBsaXN0MDDSAQIDBFxyZWxhdGl2ZVBhdGhZYWxpYXNEYXRhXxDcLi4vLi4vLi4vLi4vLi4vRG9jdW1lbnRzL0JpYkRlc2sgQXJ0aWNsZXMvMjAwOS1CbGFpcy5CO0Nvb3Blci5MO1Nob3V2YWwuSC1FZmZlY3Qgb2YgY29ycmVsYXRlZCBsYXRlcmFsIGdlbmljdWxhdGUgbnVjbGV1cyBmaXJpbmcgcmF0ZXMgb24gcHJlZGljdGlvbnMgZm9yIG1vbm9jdWxhciBleWUgY2xvc3VyZSB2ZXJzdXMgbW9ub2N1bGFyIHJldGluYWwgaW5hY3RpdmF0aW9uLWEtLnBkZk8RBAAAAAAABAAAAgAADE1hY2ludG9zaCBIRAAAAAAAAAAAAAAAAAAAAAAAAABCRAAB/////x8yMDA5LUJsYWlzLkI7Q29vcGUjRkZGRkZGRkYucGRmAAAAAAAAAAAAAAAAAAAAAAAAAAAAAAAAAAAAAAAAAAD/////AAAAAAAAAAAAAAAAAAUAAwAACiBjdQAAAAAAAAAAAAAAAAAQQmliRGVzayBBcnRpY2xlcwACANwvOlVzZXJzOmJibGFpczpEb2N1bWVudHM6QmliRGVzayBBcnRpY2xlczoyMDA5LUJsYWlzLkI7Q29vcGVyLkw7U2hvdXZhbC5ILUVmZmVjdCBvZiBjb3JyZWxhdGVkIGxhdGVyYWwgZ2VuaWN1bGF0ZSBudWNsZXVzIGZpcmluZyByYXRlcyBvbiBwcmVkaWN0aW9ucyBmb3IgbW9ub2N1bGFyIGV5ZSBjbG9zdXJlIHZlcnN1cyBtb25vY3VsYXIgcmV0aW5hbCBpbmFjdGl2YXRpb24tYS0ucGRmAA4BZgCyADIAMAAwADkALQBCAGwAYQBpAHMALgBCADsAQwBvAG8AcABlAHIALgBMADsAUwBoAG8AdQB2AGEAbAAuAEgALQBFAGYAZgBlAGMAdAAgAG8AZgAgAGMAbwByAHIAZQBsAGEAdABlAGQAIABsAGEAdABlAHIAYQBsACAAZwBlAG4AaQBjAHUAbABhAHQAZQAgAG4AdQBjAGwAZQB1AHMAIABmAGkAcgBpAG4AZwAgAHIAYQB0AGUAcwAgAG8AbgAgAHAAcgBlAGQAaQBjAHQAaQBvAG4AcwAgAGYAbwByACAAbQBvAG4AbwBjAHUAbABhAHIAIABlAHkAZQAgAGMAbABvAHMAdQByAGUAIAB2AGUAcgBzAHUAcwAgAG0AbwBuAG8AYwB1AGwAYQByACAAcgBlAHQAaQBuAGEAbAAgAGkAbgBhAGMAdABpAHYAYQB0AGkAbwBuAC0AYQAtAC4AcABkAGYADwAaAAwATQBhAGMAaQBuAHQAbwBzAGgAIABIAEQAEgDaVXNlcnMvYmJsYWlzL0RvY3VtZW50cy9CaWJEZXNrIEFydGljbGVzLzIwMDktQmxhaXMuQjtDb29wZXIuTDtTaG91dmFsLkgtRWZmZWN0IG9mIGNvcnJlbGF0ZWQgbGF0ZXJhbCBnZW5pY3VsYXRlIG51Y2xldXMgZmlyaW5nIHJhdGVzIG9uIHByZWRpY3Rpb25zIGZvciBtb25vY3VsYXIgZXllIGNsb3N1cmUgdmVyc3VzIG1vbm9jdWxhciByZXRpbmFsIGluYWN0aXZhdGlvbi1hLS5wZGYAEwABLwAAFQACAA3//wAAAAgADQAaACQBAwAAAAAAAAIBAAAAAAAAAAUAAAAAAAAAAAAAAAAAAAUH}}

@article{Blais:2008kx,
	abstract = {Ocular dominance (OD) plasticity is a robust paradigm for examining the functional consequences of synaptic plasticity. Previous experimental and theoretical results have shown that OD plasticity can be accounted for by known synaptic plasticity mechanisms, using the assumption that deprivation by lid suture eliminates spatial structure in the deprived channel. Here we show that in the mouse, recovery from monocular lid suture can be obtained by subsequent binocular lid suture but not by dark rearing. This poses a significant challenge to previous theoretical results. We therefore performed simulations with a natural input environment appropriate for mouse visual cortex. In contrast to previous work, we assume that lid suture causes degradation but not elimination of spatial structure, whereas dark rearing produces elimination of spatial structure. We present experimental evidence that supports this assumption, measuring responses through sutured lids in the mouse. The change in assumptions about the input environment is sufficient to account for new experimental observations, while still accounting for previous experimental results.},
	author = {Blais, Brian S and Frenkel, Mikhail Y and Kuindersma, Scott R and Muhammad, Rahmat and Shouval, Harel Z and Cooper, Leon N and Bear, Mark F},
	date-added = {2018-03-28 10:15:13 +0000},
	date-modified = {2018-03-28 10:15:13 +0000},
	doi = {10.1152/jn.90411.2008},
	journal = {J Neurophysiol},
	journal-full = {Journal of neurophysiology},
	mesh = {Algorithms; Animals; Darkness; Evoked Potentials, Visual; Mice; Photic Stimulation; Sensory Deprivation; Synapses; Vision, Binocular; Vision, Monocular; Visual Cortex; Visual Pathways},
	month = {Oct},
	number = {4},
	pages = {2217-24},
	pmc = {PMC2576197},
	pmid = {18650311},
	pst = {ppublish},
	title = {Recovery from monocular deprivation using binocular deprivation},
	volume = {100},
	year = {2008},
	bdsk-file-1 = {YnBsaXN0MDDSAQIDBFxyZWxhdGl2ZVBhdGhZYWxpYXNEYXRhXxC4Li4vLi4vLi4vLi4vLi4vRG9jdW1lbnRzL0JpYkRlc2sgQXJ0aWNsZXMvMjAwOC1CbGFpcy5CO0ZyZW5rZWwuTTtLdWluZGVyc21hLlM7TXVoYW1tYWQuUjtTaG91dmFsLkg7Q29vcGVyLkw7QmVhci5NLVJlY292ZXJ5IGZyb20gbW9ub2N1bGFyIGRlcHJpdmF0aW9uIHVzaW5nIGJpbm9jdWxhciBkZXByaXZhdGlvbi0uLnBkZk8RA3AAAAAAA3AAAgAADE1hY2ludG9zaCBIRAAAAAAAAAAAAAAAAAAAAAAAAABCRAAB/////x8yMDA4LUJsYWlzLkI7RnJlbmsjRkZGRkZGRkYucGRmAAAAAAAAAAAAAAAAAAAAAAAAAAAAAAAAAAAAAAAAAAD/////AAAAAAAAAAAAAAAAAAUAAwAACiBjdQAAAAAAAAAAAAAAAAAQQmliRGVzayBBcnRpY2xlcwACALgvOlVzZXJzOmJibGFpczpEb2N1bWVudHM6QmliRGVzayBBcnRpY2xlczoyMDA4LUJsYWlzLkI7RnJlbmtlbC5NO0t1aW5kZXJzbWEuUztNdWhhbW1hZC5SO1Nob3V2YWwuSDtDb29wZXIuTDtCZWFyLk0tUmVjb3ZlcnkgZnJvbSBtb25vY3VsYXIgZGVwcml2YXRpb24gdXNpbmcgYmlub2N1bGFyIGRlcHJpdmF0aW9uLS4ucGRmAA4BHgCOADIAMAAwADgALQBCAGwAYQBpAHMALgBCADsARgByAGUAbgBrAGUAbAAuAE0AOwBLAHUAaQBuAGQAZQByAHMAbQBhAC4AUwA7AE0AdQBoAGEAbQBtAGEAZAAuAFIAOwBTAGgAbwB1AHYAYQBsAC4ASAA7AEMAbwBvAHAAZQByAC4ATAA7AEIAZQBhAHIALgBNAC0AUgBlAGMAbwB2AGUAcgB5ACAAZgByAG8AbQAgAG0AbwBuAG8AYwB1AGwAYQByACAAZABlAHAAcgBpAHYAYQB0AGkAbwBuACAAdQBzAGkAbgBnACAAYgBpAG4AbwBjAHUAbABhAHIAIABkAGUAcAByAGkAdgBhAHQAaQBvAG4ALQAuAC4AcABkAGYADwAaAAwATQBhAGMAaQBuAHQAbwBzAGgAIABIAEQAEgC2VXNlcnMvYmJsYWlzL0RvY3VtZW50cy9CaWJEZXNrIEFydGljbGVzLzIwMDgtQmxhaXMuQjtGcmVua2VsLk07S3VpbmRlcnNtYS5TO011aGFtbWFkLlI7U2hvdXZhbC5IO0Nvb3Blci5MO0JlYXIuTS1SZWNvdmVyeSBmcm9tIG1vbm9jdWxhciBkZXByaXZhdGlvbiB1c2luZyBiaW5vY3VsYXIgZGVwcml2YXRpb24tLi5wZGYAEwABLwAAFQACAA3//wAAAAgADQAaACQA3wAAAAAAAAIBAAAAAAAAAAUAAAAAAAAAAAAAAAAAAART},
	bdsk-file-2 = {YnBsaXN0MDDSAQIDBFxyZWxhdGl2ZVBhdGhZYWxpYXNEYXRhXxC5Li4vLi4vLi4vLi4vLi4vRG9jdW1lbnRzL0JpYkRlc2sgQXJ0aWNsZXMvMjAwOC1CbGFpcy5CO0ZyZW5rZWwuTTtLdWluZGVyc21hLlM7TXVoYW1tYWQuUjtTaG91dmFsLkg7Q29vcGVyLkw7QmVhci5NLVJlY292ZXJ5IGZyb20gbW9ub2N1bGFyIGRlcHJpdmF0aW9uIHVzaW5nIGJpbm9jdWxhciBkZXByaXZhdGlvbi0wLi5wZGZPEQN2AAAAAAN2AAIAAAxNYWNpbnRvc2ggSEQAAAAAAAAAAAAAAAAAAAAAAAAAQkQAAf////8fMjAwOC1CbGFpcy5CO0ZyZW5rI0ZGRkZGRkZGLnBkZgAAAAAAAAAAAAAAAAAAAAAAAAAAAAAAAAAAAAAAAAAA/////wAAAAAAAAAAAAAAAAAFAAMAAAogY3UAAAAAAAAAAAAAAAAAEEJpYkRlc2sgQXJ0aWNsZXMAAgC5LzpVc2VyczpiYmxhaXM6RG9jdW1lbnRzOkJpYkRlc2sgQXJ0aWNsZXM6MjAwOC1CbGFpcy5CO0ZyZW5rZWwuTTtLdWluZGVyc21hLlM7TXVoYW1tYWQuUjtTaG91dmFsLkg7Q29vcGVyLkw7QmVhci5NLVJlY292ZXJ5IGZyb20gbW9ub2N1bGFyIGRlcHJpdmF0aW9uIHVzaW5nIGJpbm9jdWxhciBkZXByaXZhdGlvbi0wLi5wZGYAAA4BIACPADIAMAAwADgALQBCAGwAYQBpAHMALgBCADsARgByAGUAbgBrAGUAbAAuAE0AOwBLAHUAaQBuAGQAZQByAHMAbQBhAC4AUwA7AE0AdQBoAGEAbQBtAGEAZAAuAFIAOwBTAGgAbwB1AHYAYQBsAC4ASAA7AEMAbwBvAHAAZQByAC4ATAA7AEIAZQBhAHIALgBNAC0AUgBlAGMAbwB2AGUAcgB5ACAAZgByAG8AbQAgAG0AbwBuAG8AYwB1AGwAYQByACAAZABlAHAAcgBpAHYAYQB0AGkAbwBuACAAdQBzAGkAbgBnACAAYgBpAG4AbwBjAHUAbABhAHIAIABkAGUAcAByAGkAdgBhAHQAaQBvAG4ALQAwAC4ALgBwAGQAZgAPABoADABNAGEAYwBpAG4AdABvAHMAaAAgAEgARAASALdVc2Vycy9iYmxhaXMvRG9jdW1lbnRzL0JpYkRlc2sgQXJ0aWNsZXMvMjAwOC1CbGFpcy5CO0ZyZW5rZWwuTTtLdWluZGVyc21hLlM7TXVoYW1tYWQuUjtTaG91dmFsLkg7Q29vcGVyLkw7QmVhci5NLVJlY292ZXJ5IGZyb20gbW9ub2N1bGFyIGRlcHJpdmF0aW9uIHVzaW5nIGJpbm9jdWxhciBkZXByaXZhdGlvbi0wLi5wZGYAABMAAS8AABUAAgAN//8AAAAIAA0AGgAkAOAAAAAAAAACAQAAAAAAAAAFAAAAAAAAAAAAAAAAAAAEWg==},
	bdsk-url-1 = {http://dx.doi.org/10.1152/jn.90411.2008}}

@article{harrad1996psychophysics,
	author = {Harrad, Richard},
	date-added = {2018-03-28 10:13:18 +0000},
	date-modified = {2018-03-28 10:13:18 +0000},
	journal = {Eye},
	number = {2},
	pages = {270},
	publisher = {Nature Publishing Group},
	title = {Psychophysics of suppression},
	volume = {10},
	year = {1996},
	bdsk-file-1 = {YnBsaXN0MDDSAQIDBFxyZWxhdGl2ZVBhdGhZYWxpYXNEYXRhXxBbLi4vLi4vLi4vLi4vLi4vRG9jdW1lbnRzL0JpYkRlc2sgQXJ0aWNsZXMvMTk5Ni1IYXJyYWQuUi1Qc3ljaG9waHlzaWNzIG9mIHN1cHByZXNzaW9uLWEtLnBkZk8RAf4AAAAAAf4AAgAADE1hY2ludG9zaCBIRAAAAAAAAAAAAAAAAAAAAAAAAABCRAAB/////x8xOTk2LUhhcnJhZC5SLVBzeWMjRkZGRkZGRkYucGRmAAAAAAAAAAAAAAAAAAAAAAAAAAAAAAAAAAAAAAAAAAD/////AAAAAAAAAAAAAAAAAAUAAwAACiBjdQAAAAAAAAAAAAAAAAAQQmliRGVzayBBcnRpY2xlcwACAFsvOlVzZXJzOmJibGFpczpEb2N1bWVudHM6QmliRGVzayBBcnRpY2xlczoxOTk2LUhhcnJhZC5SLVBzeWNob3BoeXNpY3Mgb2Ygc3VwcHJlc3Npb24tYS0ucGRmAAAOAGQAMQAxADkAOQA2AC0ASABhAHIAcgBhAGQALgBSAC0AUABzAHkAYwBoAG8AcABoAHkAcwBpAGMAcwAgAG8AZgAgAHMAdQBwAHAAcgBlAHMAcwBpAG8AbgAtAGEALQAuAHAAZABmAA8AGgAMAE0AYQBjAGkAbgB0AG8AcwBoACAASABEABIAWVVzZXJzL2JibGFpcy9Eb2N1bWVudHMvQmliRGVzayBBcnRpY2xlcy8xOTk2LUhhcnJhZC5SLVBzeWNob3BoeXNpY3Mgb2Ygc3VwcHJlc3Npb24tYS0ucGRmAAATAAEvAAAVAAIADf//AAAACAANABoAJACCAAAAAAAAAgEAAAAAAAAABQAAAAAAAAAAAAAAAAAAAoQ=}}

@article{de2007current,
	author = {de Z{\'a}rate, Blanca Ruiz and Tejedor, Jaime},
	date-added = {2018-03-28 10:12:00 +0000},
	date-modified = {2018-03-28 10:12:00 +0000},
	journal = {Clinical ophthalmology (Auckland, NZ)},
	number = {4},
	pages = {403},
	publisher = {Dove Press},
	title = {Current concepts in the management of amblyopia},
	volume = {1},
	year = {2007},
	bdsk-file-1 = {YnBsaXN0MDDSAQIDBFxyZWxhdGl2ZVBhdGhZYWxpYXNEYXRhbxB5AC4ALgAvAC4ALgAvAC4ALgAvAC4ALgAvAC4ALgAvAEQAbwBjAHUAbQBlAG4AdABzAC8AQgBpAGIARABlAHMAawAgAEEAcgB0AGkAYwBsAGUAcwAvADIAMAAwADcALQBaAGEDAQByAGEAdABlAC4AQgA7AFQAZQBqAGUAZABvAHIALgBKAC0AQwB1AHIAcgBlAG4AdAAgAGMAbwBuAGMAZQBwAHQAcwAgAGkAbgAgAHQAaABlACAAbQBhAG4AYQBnAGUAbQBlAG4AdAAgAG8AZgAgAGEAbQBiAGwAeQBvAHAAaQBhAC0AYQAtAC4AcABkAGZPEQJ2AAAAAAJ2AAIAAAxNYWNpbnRvc2ggSEQAAAAAAAAAAAAAAAAAAAAAAAAAQkQAAf////8fMjAwNy1ah3JhdGUuQjtUZWplI0ZGRkZGRkZGLnBkZgAAAAAAAAAAAAAAAAAAAAAAAAAAAAAAAAAAAAAAAAAA/////wAAAAAAAAAAAAAAAAAFAAMAAAogY3UAAAAAAAAAAAAAAAAAEEJpYkRlc2sgQXJ0aWNsZXMAAgB6LzpVc2VyczpiYmxhaXM6RG9jdW1lbnRzOkJpYkRlc2sgQXJ0aWNsZXM6MjAwNy1aYcyBcmF0ZS5CO1RlamVkb3IuSi1DdXJyZW50IGNvbmNlcHRzIGluIHRoZSBtYW5hZ2VtZW50IG9mIGFtYmx5b3BpYS1hLS5wZGYADgCgAE8AMgAwADAANwAtAFoAYQMBAHIAYQB0AGUALgBCADsAVABlAGoAZQBkAG8AcgAuAEoALQBDAHUAcgByAGUAbgB0ACAAYwBvAG4AYwBlAHAAdABzACAAaQBuACAAdABoAGUAIABtAGEAbgBhAGcAZQBtAGUAbgB0ACAAbwBmACAAYQBtAGIAbAB5AG8AcABpAGEALQBhAC0ALgBwAGQAZgAPABoADABNAGEAYwBpAG4AdABvAHMAaAAgAEgARAASAHhVc2Vycy9iYmxhaXMvRG9jdW1lbnRzL0JpYkRlc2sgQXJ0aWNsZXMvMjAwNy1aYcyBcmF0ZS5CO1RlamVkb3IuSi1DdXJyZW50IGNvbmNlcHRzIGluIHRoZSBtYW5hZ2VtZW50IG9mIGFtYmx5b3BpYS1hLS5wZGYAEwABLwAAFQACAA3//wAAAAgADQAaACQBGQAAAAAAAAIBAAAAAAAAAAUAAAAAAAAAAAAAAAAAAAOT}}

@article{Ding_2006,
	author = {Ding, J. and Sperling, G.},
	date-added = {2018-03-28 10:10:48 +0000},
	date-modified = {2018-03-28 10:10:48 +0000},
	doi = {10.1073/pnas.0509629103},
	issn = {1091-6490},
	journal = {Proceedings of the National Academy of Sciences},
	month = {Jan},
	number = {4},
	pages = {1141--1146},
	publisher = {Proceedings of the National Academy of Sciences},
	title = {A gain-control theory of binocular combination},
	url = {http://dx.doi.org/10.1073/pnas.0509629103},
	volume = {103},
	year = {2006},
	bdsk-file-1 = {YnBsaXN0MDDSAQIDBFxyZWxhdGl2ZVBhdGhZYWxpYXNEYXRhXxB2Li4vLi4vLi4vLi4vLi4vRG9jdW1lbnRzL0JpYkRlc2sgQXJ0aWNsZXMvMjAwNi1EaW5nLko7U3BlcmxpbmcuRy1BIGdhaW4tY29udHJvbCB0aGVvcnkgb2YgYmlub2N1bGFyIGNvbWJpbmF0aW9uLWEtLnBkZk8RAmgAAAAAAmgAAgAADE1hY2ludG9zaCBIRAAAAAAAAAAAAAAAAAAAAAAAAABCRAAB/////x8yMDA2LURpbmcuSjtTcGVybGkjRkZGRkZGRkYucGRmAAAAAAAAAAAAAAAAAAAAAAAAAAAAAAAAAAAAAAAAAAD/////AAAAAAAAAAAAAAAAAAUAAwAACiBjdQAAAAAAAAAAAAAAAAAQQmliRGVzayBBcnRpY2xlcwACAHYvOlVzZXJzOmJibGFpczpEb2N1bWVudHM6QmliRGVzayBBcnRpY2xlczoyMDA2LURpbmcuSjtTcGVybGluZy5HLUEgZ2Fpbi1jb250cm9sIHRoZW9yeSBvZiBiaW5vY3VsYXIgY29tYmluYXRpb24tYS0ucGRmAA4AmgBMADIAMAAwADYALQBEAGkAbgBnAC4ASgA7AFMAcABlAHIAbABpAG4AZwAuAEcALQBBACAAZwBhAGkAbgAtAGMAbwBuAHQAcgBvAGwAIAB0AGgAZQBvAHIAeQAgAG8AZgAgAGIAaQBuAG8AYwB1AGwAYQByACAAYwBvAG0AYgBpAG4AYQB0AGkAbwBuAC0AYQAtAC4AcABkAGYADwAaAAwATQBhAGMAaQBuAHQAbwBzAGgAIABIAEQAEgB0VXNlcnMvYmJsYWlzL0RvY3VtZW50cy9CaWJEZXNrIEFydGljbGVzLzIwMDYtRGluZy5KO1NwZXJsaW5nLkctQSBnYWluLWNvbnRyb2wgdGhlb3J5IG9mIGJpbm9jdWxhciBjb21iaW5hdGlvbi1hLS5wZGYAEwABLwAAFQACAA3//wAAAAgADQAaACQAnQAAAAAAAAIBAAAAAAAAAAUAAAAAAAAAAAAAAAAAAAMJ}}

@article{Hess:2010aa,
	abstract = {PURPOSE: The present treatments for amblyopia are predominantly monocular aiming to improve the vision in the amblyopic eye through either patching of the fellow fixing eye or visual training of the amblyopic eye. This approach is problematic, not least of which because it rarely results in establishment of binocular function. Recently it has shown that amblyopes possess binocular cortical mechanisms for both threshold and suprathreshold stimuli.
METHODS: We outline a novel procedure for measuring the extent to which the fixing eye suppresses the fellow amblyopic eye, rendering what is a structurally binocular system, functionally monocular.
RESULTS: Here we show that prolonged periods of viewing (under the artificial conditions of stimuli of different contrast in each eye) during which information from the two eyes is combined leads to a strengthening of binocular vision in strabismic amblyopes and eventual combination of binocular information under natural viewing conditions (stimuli of the same contrast in each eye). Concomitant improvement in monocular acuity of the amblyopic eye occurs with this reduction in suppression and strengthening of binocular fusion. Furthermore, in a majority of patients tested, stereoscopic function is established.
CONCLUSIONS: This provides the basis for a new treatment of amblyopia, one that is purely binocular and aimed at reducing suppression as a first step.},
	author = {Hess, R F and Mansouri, B and Thompson, B},
	date-added = {2018-03-28 10:10:48 +0000},
	date-modified = {2018-03-28 10:10:48 +0000},
	doi = {10.3233/RNN-2010-0550},
	journal = {Restor Neurol Neurosci},
	journal-full = {Restorative neurology and neuroscience},
	mesh = {Adult; Amblyopia; Humans; Middle Aged; Photic Stimulation; Strabismus; Treatment Outcome; Vision, Binocular; Visual Perception},
	number = {6},
	pages = {793-802},
	pmid = {21209494},
	pst = {ppublish},
	title = {A new binocular approach to the treatment of amblyopia in adults well beyond the critical period of visual development},
	volume = {28},
	year = {2010},
	bdsk-file-1 = {YnBsaXN0MDDSAQIDBFxyZWxhdGl2ZVBhdGhZYWxpYXNEYXRhXxDJLi4vLi4vLi4vLi4vLi4vRG9jdW1lbnRzL0JpYkRlc2sgQXJ0aWNsZXMvMjAxMC1IZXNzLlI7TWFuc291cmkuQjtUaG9tcHNvbi5CLUEgbmV3IGJpbm9jdWxhciBhcHByb2FjaCB0byB0aGUgdHJlYXRtZW50IG9mIGFtYmx5b3BpYSBpbiBhZHVsdHMgd2VsbCBiZXlvbmQgdGhlIGNyaXRpY2FsIHBlcmlvZCBvZiB2aXN1YWwgZGV2ZWxvcG1lbnQtYS0ucGRmTxEDtgAAAAADtgACAAAMTWFjaW50b3NoIEhEAAAAAAAAAAAAAAAAAAAAAAAAAEJEAAH/////HzIwMTAtSGVzcy5SO01hbnNvdSNGRkZGRkZGRi5wZGYAAAAAAAAAAAAAAAAAAAAAAAAAAAAAAAAAAAAAAAAAAP////8AAAAAAAAAAAAAAAAABQADAAAKIGN1AAAAAAAAAAAAAAAAABBCaWJEZXNrIEFydGljbGVzAAIAyS86VXNlcnM6YmJsYWlzOkRvY3VtZW50czpCaWJEZXNrIEFydGljbGVzOjIwMTAtSGVzcy5SO01hbnNvdXJpLkI7VGhvbXBzb24uQi1BIG5ldyBiaW5vY3VsYXIgYXBwcm9hY2ggdG8gdGhlIHRyZWF0bWVudCBvZiBhbWJseW9waWEgaW4gYWR1bHRzIHdlbGwgYmV5b25kIHRoZSBjcml0aWNhbCBwZXJpb2Qgb2YgdmlzdWFsIGRldmVsb3BtZW50LWEtLnBkZgAADgFAAJ8AMgAwADEAMAAtAEgAZQBzAHMALgBSADsATQBhAG4AcwBvAHUAcgBpAC4AQgA7AFQAaABvAG0AcABzAG8AbgAuAEIALQBBACAAbgBlAHcAIABiAGkAbgBvAGMAdQBsAGEAcgAgAGEAcABwAHIAbwBhAGMAaAAgAHQAbwAgAHQAaABlACAAdAByAGUAYQB0AG0AZQBuAHQAIABvAGYAIABhAG0AYgBsAHkAbwBwAGkAYQAgAGkAbgAgAGEAZAB1AGwAdABzACAAdwBlAGwAbAAgAGIAZQB5AG8AbgBkACAAdABoAGUAIABjAHIAaQB0AGkAYwBhAGwAIABwAGUAcgBpAG8AZAAgAG8AZgAgAHYAaQBzAHUAYQBsACAAZABlAHYAZQBsAG8AcABtAGUAbgB0AC0AYQAtAC4AcABkAGYADwAaAAwATQBhAGMAaQBuAHQAbwBzAGgAIABIAEQAEgDHVXNlcnMvYmJsYWlzL0RvY3VtZW50cy9CaWJEZXNrIEFydGljbGVzLzIwMTAtSGVzcy5SO01hbnNvdXJpLkI7VGhvbXBzb24uQi1BIG5ldyBiaW5vY3VsYXIgYXBwcm9hY2ggdG8gdGhlIHRyZWF0bWVudCBvZiBhbWJseW9waWEgaW4gYWR1bHRzIHdlbGwgYmV5b25kIHRoZSBjcml0aWNhbCBwZXJpb2Qgb2YgdmlzdWFsIGRldmVsb3BtZW50LWEtLnBkZgAAEwABLwAAFQACAA3//wAAAAgADQAaACQA8AAAAAAAAAIBAAAAAAAAAAUAAAAAAAAAAAAAAAAAAASq}}

@article{Li:2015aa,
	abstract = {BACKGROUND: Contrast-balanced dichoptic experience with perceptual-learning tasks or simple games has been shown to improve visual acuity significantly in amblyopia. However, these tasks are intensive and repetitive, and up to 40% of unsupervised patients are noncompliant. We investigated the efficacy of a potentially more engaging movie method to provide contrast-balanced binocular experience via complementary dichoptic stimulation.
METHODS: Eight amblyopic children 4-10 years of age were enrolled in a prospective cohort study to watch 3 dichoptic movies per week for 2 weeks on a passive 3D display. Dichoptic versions of 18 popular animated feature films were created. A patterned image mask of irregularly shaped blobs was multiplied with the movie images seen by the amblyopic eye and an inverse mask was multiplied with the images seen by the fellow eye. Fellow-eye contrast was initially set at a reduced level that allowed binocular vision and was then incremented by 10% at each visit. Best-corrected visual acuity, random dot stereoacuity, and interocular suppression were measured at baseline and 2 weeks.
RESULTS: Mean amblyopic eye visual acuity (with standard error of the mean) improved from a logarithm of minimum angle of resolution of 0.72 $\pm$ 0.08 at baseline to 0.52 $\pm$ 0.09 (P = 0.003); that is, 2.0 lines of improvement at the 2-week outcome visit. No significant change in interocular suppression or stereoacuity was found.
CONCLUSIONS: Passive viewing of dichoptic feature films is feasible and could be a promising new treatment for childhood amblyopia. The maximum improvement that may be achieved by watching dichoptic movies remains to be determined. No known side effects are associated with this new treatment.},
	author = {Li, Simone L and Reynaud, Alexandre and Hess, Robert F and Wang, Yi-Zhong and Jost, Reed M and Morale, Sarah E and De La Cruz, Angie and Dao, Lori and Stager, Jr, David and Birch, Eileen E},
	date-added = {2018-03-28 10:10:48 +0000},
	date-modified = {2018-03-28 10:10:48 +0000},
	doi = {10.1016/j.jaapos.2015.08.003},
	journal = {J AAPOS},
	journal-full = {Journal of AAPOS : the official publication of the American Association for Pediatric Ophthalmology and Strabismus},
	mesh = {Amblyopia; Child; Child, Preschool; Female; Humans; Imaging, Three-Dimensional; Male; Motion Pictures; Perceptual Distortion; Prospective Studies; Surveys and Questionnaires; Vision, Binocular; Visual Acuity},
	month = {Oct},
	number = {5},
	pages = {401-5},
	pmc = {PMC4659348},
	pmid = {26486019},
	pst = {ppublish},
	title = {Dichoptic movie viewing treats childhood amblyopia},
	volume = {19},
	year = {2015},
	bdsk-file-1 = {YnBsaXN0MDDSAQIDBFxyZWxhdGl2ZVBhdGhZYWxpYXNEYXRhXxC5Li4vLi4vLi4vLi4vLi4vRG9jdW1lbnRzL0JpYkRlc2sgQXJ0aWNsZXMvMjAxNS1MaS5TO1JleW5hdWQuQTtIZXNzLlI7V2FuZy5ZO0pvc3QuUjtNb3JhbGUuUztEZSBMYSBDcnV6LkE7RGFvLkw7U3RhZ2VyLkQ7QmlyY2guRS1EaWNob3B0aWMgbW92aWUgdmlld2luZyB0cmVhdHMgY2hpbGRob29kIGFtYmx5b3BpYS1hLS5wZGZPEQN2AAAAAAN2AAIAAAxNYWNpbnRvc2ggSEQAAAAAAAAAAAAAAAAAAAAAAAAAQkQAAf////8fMjAxNS1MaS5TO1JleW5hdWQuI0ZGRkZGRkZGLnBkZgAAAAAAAAAAAAAAAAAAAAAAAAAAAAAAAAAAAAAAAAAA/////wAAAAAAAAAAAAAAAAAFAAMAAAogY3UAAAAAAAAAAAAAAAAAEEJpYkRlc2sgQXJ0aWNsZXMAAgC5LzpVc2VyczpiYmxhaXM6RG9jdW1lbnRzOkJpYkRlc2sgQXJ0aWNsZXM6MjAxNS1MaS5TO1JleW5hdWQuQTtIZXNzLlI7V2FuZy5ZO0pvc3QuUjtNb3JhbGUuUztEZSBMYSBDcnV6LkE7RGFvLkw7U3RhZ2VyLkQ7QmlyY2guRS1EaWNob3B0aWMgbW92aWUgdmlld2luZyB0cmVhdHMgY2hpbGRob29kIGFtYmx5b3BpYS1hLS5wZGYAAA4BIACPADIAMAAxADUALQBMAGkALgBTADsAUgBlAHkAbgBhAHUAZAAuAEEAOwBIAGUAcwBzAC4AUgA7AFcAYQBuAGcALgBZADsASgBvAHMAdAAuAFIAOwBNAG8AcgBhAGwAZQAuAFMAOwBEAGUAIABMAGEAIABDAHIAdQB6AC4AQQA7AEQAYQBvAC4ATAA7AFMAdABhAGcAZQByAC4ARAA7AEIAaQByAGMAaAAuAEUALQBEAGkAYwBoAG8AcAB0AGkAYwAgAG0AbwB2AGkAZQAgAHYAaQBlAHcAaQBuAGcAIAB0AHIAZQBhAHQAcwAgAGMAaABpAGwAZABoAG8AbwBkACAAYQBtAGIAbAB5AG8AcABpAGEALQBhAC0ALgBwAGQAZgAPABoADABNAGEAYwBpAG4AdABvAHMAaAAgAEgARAASALdVc2Vycy9iYmxhaXMvRG9jdW1lbnRzL0JpYkRlc2sgQXJ0aWNsZXMvMjAxNS1MaS5TO1JleW5hdWQuQTtIZXNzLlI7V2FuZy5ZO0pvc3QuUjtNb3JhbGUuUztEZSBMYSBDcnV6LkE7RGFvLkw7U3RhZ2VyLkQ7QmlyY2guRS1EaWNob3B0aWMgbW92aWUgdmlld2luZyB0cmVhdHMgY2hpbGRob29kIGFtYmx5b3BpYS1hLS5wZGYAABMAAS8AABUAAgAN//8AAAAIAA0AGgAkAOAAAAAAAAACAQAAAAAAAAAFAAAAAAAAAAAAAAAAAAAEWg==}}

@article{Kelly_2016,
	author = {Kelly, Krista R. and Jost, Reed M. and Dao, Lori and Beauchamp, Cynthia L. and Leffler, Joel N. and Birch, Eileen E.},
	date-added = {2018-03-28 10:10:48 +0000},
	date-modified = {2018-03-28 10:10:48 +0000},
	doi = {10.1001/jamaophthalmol.2016.4224},
	issn = {2168-6165},
	journal = {JAMA Ophthalmology},
	month = {Dec},
	number = {12},
	pages = {1402},
	publisher = {American Medical Association (AMA)},
	title = {Binocular iPad Game vs Patching for Treatment of Amblyopia in Children},
	url = {http://dx.doi.org/10.1001/jamaophthalmol.2016.4224},
	volume = {134},
	year = {2016},
	bdsk-file-1 = {YnBsaXN0MDDSAQIDBFxyZWxhdGl2ZVBhdGhZYWxpYXNEYXRhXxCvLi4vLi4vLi4vLi4vLi4vRG9jdW1lbnRzL0JpYkRlc2sgQXJ0aWNsZXMvMjAxNi1LZWxseS5LO0pvc3QuUjtEYW8uTDtCZWF1Y2hhbXAuQztMZWZmbGVyLko7QmlyY2guRS1CaW5vY3VsYXIgaVBhZCBHYW1lIHZzIFBhdGNoaW5nIGZvciBUcmVhdG1lbnQgb2YgQW1ibHlvcGlhIGluIENoaWxkcmVuLWEtLnBkZk8RA04AAAAAA04AAgAADE1hY2ludG9zaCBIRAAAAAAAAAAAAAAAAAAAAAAAAABCRAAB/////x8yMDE2LUtlbGx5Lks7Sm9zdC4jRkZGRkZGRkYucGRmAAAAAAAAAAAAAAAAAAAAAAAAAAAAAAAAAAAAAAAAAAD/////AAAAAAAAAAAAAAAAAAUAAwAACiBjdQAAAAAAAAAAAAAAAAAQQmliRGVzayBBcnRpY2xlcwACAK8vOlVzZXJzOmJibGFpczpEb2N1bWVudHM6QmliRGVzayBBcnRpY2xlczoyMDE2LUtlbGx5Lks7Sm9zdC5SO0Rhby5MO0JlYXVjaGFtcC5DO0xlZmZsZXIuSjtCaXJjaC5FLUJpbm9jdWxhciBpUGFkIEdhbWUgdnMgUGF0Y2hpbmcgZm9yIFRyZWF0bWVudCBvZiBBbWJseW9waWEgaW4gQ2hpbGRyZW4tYS0ucGRmAAAOAQwAhQAyADAAMQA2AC0ASwBlAGwAbAB5AC4ASwA7AEoAbwBzAHQALgBSADsARABhAG8ALgBMADsAQgBlAGEAdQBjAGgAYQBtAHAALgBDADsATABlAGYAZgBsAGUAcgAuAEoAOwBCAGkAcgBjAGgALgBFAC0AQgBpAG4AbwBjAHUAbABhAHIAIABpAFAAYQBkACAARwBhAG0AZQAgAHYAcwAgAFAAYQB0AGMAaABpAG4AZwAgAGYAbwByACAAVAByAGUAYQB0AG0AZQBuAHQAIABvAGYAIABBAG0AYgBsAHkAbwBwAGkAYQAgAGkAbgAgAEMAaABpAGwAZAByAGUAbgAtAGEALQAuAHAAZABmAA8AGgAMAE0AYQBjAGkAbgB0AG8AcwBoACAASABEABIArVVzZXJzL2JibGFpcy9Eb2N1bWVudHMvQmliRGVzayBBcnRpY2xlcy8yMDE2LUtlbGx5Lks7Sm9zdC5SO0Rhby5MO0JlYXVjaGFtcC5DO0xlZmZsZXIuSjtCaXJjaC5FLUJpbm9jdWxhciBpUGFkIEdhbWUgdnMgUGF0Y2hpbmcgZm9yIFRyZWF0bWVudCBvZiBBbWJseW9waWEgaW4gQ2hpbGRyZW4tYS0ucGRmAAATAAEvAAAVAAIADf//AAAACAANABoAJADWAAAAAAAAAgEAAAAAAAAABQAAAAAAAAAAAAAAAAAABCg=}}

@article{Holmes_2016,
	author = {Holmes, Jonathan M. and Manh, Vivian M. and Lazar, Elizabeth L. and Beck, Roy W. and Birch, Eileen E. and Kraker, Raymond T. and Crouch, Eric R. and Erzurum, S. Ayse and Khuddus, Nausheen and Summers, Allison I. and et al.},
	date-added = {2018-03-28 10:10:48 +0000},
	date-modified = {2018-03-28 10:10:48 +0000},
	doi = {10.1001/jamaophthalmol.2016.4262},
	issn = {2168-6165},
	journal = {JAMA Ophthalmology},
	month = {Dec},
	number = {12},
	pages = {1391},
	publisher = {American Medical Association (AMA)},
	title = {Effect of a Binocular iPad Game vs Part-time Patching in Children Aged 5 to 12 Years With Amblyopia},
	url = {http://dx.doi.org/10.1001/jamaophthalmol.2016.4262},
	volume = {134},
	year = {2016},
	bdsk-file-1 = {YnBsaXN0MDDSAQIDBFxyZWxhdGl2ZVBhdGhZYWxpYXNEYXRhXxD0Li4vLi4vLi4vLi4vLi4vRG9jdW1lbnRzL0JpYkRlc2sgQXJ0aWNsZXMvMjAxNi1Ib2xtZXMuSjtNYW5oLlY7TGF6YXIuRTtCZWNrLlI7QmlyY2guRTtLcmFrZXIuUjtDcm91Y2guRTtFcnp1cnVtLlM7S2h1ZGR1cy5OO1N1bW1lcnMuQTthbC4tRWZmZWN0IG9mIGEgQmlub2N1bGFyIGlQYWQgR2FtZSB2cyBQYXJ0LXRpbWUgUGF0Y2hpbmcgaW4gQ2hpbGRyZW4gQWdlZCA1IHRvIDEyIFllYXJzIFdpdGggQW1ibHlvcGlhLWEtLnBkZk8RBGAAAAAABGAAAgAADE1hY2ludG9zaCBIRAAAAAAAAAAAAAAAAAAAAAAAAABCRAAB/////x8yMDE2LUhvbG1lcy5KO01hbmgjRkZGRkZGRkYucGRmAAAAAAAAAAAAAAAAAAAAAAAAAAAAAAAAAAAAAAAAAAD/////AAAAAAAAAAAAAAAAAAUAAwAACiBjdQAAAAAAAAAAAAAAAAAQQmliRGVzayBBcnRpY2xlcwACAPQvOlVzZXJzOmJibGFpczpEb2N1bWVudHM6QmliRGVzayBBcnRpY2xlczoyMDE2LUhvbG1lcy5KO01hbmguVjtMYXphci5FO0JlY2suUjtCaXJjaC5FO0tyYWtlci5SO0Nyb3VjaC5FO0VyenVydW0uUztLaHVkZHVzLk47U3VtbWVycy5BO2FsLi1FZmZlY3Qgb2YgYSBCaW5vY3VsYXIgaVBhZCBHYW1lIHZzIFBhcnQtdGltZSBQYXRjaGluZyBpbiBDaGlsZHJlbiBBZ2VkIDUgdG8gMTIgWWVhcnMgV2l0aCBBbWJseW9waWEtYS0ucGRmAA4BlgDKADIAMAAxADYALQBIAG8AbABtAGUAcwAuAEoAOwBNAGEAbgBoAC4AVgA7AEwAYQB6AGEAcgAuAEUAOwBCAGUAYwBrAC4AUgA7AEIAaQByAGMAaAAuAEUAOwBLAHIAYQBrAGUAcgAuAFIAOwBDAHIAbwB1AGMAaAAuAEUAOwBFAHIAegB1AHIAdQBtAC4AUwA7AEsAaAB1AGQAZAB1AHMALgBOADsAUwB1AG0AbQBlAHIAcwAuAEEAOwBhAGwALgAtAEUAZgBmAGUAYwB0ACAAbwBmACAAYQAgAEIAaQBuAG8AYwB1AGwAYQByACAAaQBQAGEAZAAgAEcAYQBtAGUAIAB2AHMAIABQAGEAcgB0AC0AdABpAG0AZQAgAFAAYQB0AGMAaABpAG4AZwAgAGkAbgAgAEMAaABpAGwAZAByAGUAbgAgAEEAZwBlAGQAIAA1ACAAdABvACAAMQAyACAAWQBlAGEAcgBzACAAVwBpAHQAaAAgAEEAbQBiAGwAeQBvAHAAaQBhAC0AYQAtAC4AcABkAGYADwAaAAwATQBhAGMAaQBuAHQAbwBzAGgAIABIAEQAEgDyVXNlcnMvYmJsYWlzL0RvY3VtZW50cy9CaWJEZXNrIEFydGljbGVzLzIwMTYtSG9sbWVzLko7TWFuaC5WO0xhemFyLkU7QmVjay5SO0JpcmNoLkU7S3Jha2VyLlI7Q3JvdWNoLkU7RXJ6dXJ1bS5TO0todWRkdXMuTjtTdW1tZXJzLkE7YWwuLUVmZmVjdCBvZiBhIEJpbm9jdWxhciBpUGFkIEdhbWUgdnMgUGFydC10aW1lIFBhdGNoaW5nIGluIENoaWxkcmVuIEFnZWQgNSB0byAxMiBZZWFycyBXaXRoIEFtYmx5b3BpYS1hLS5wZGYAEwABLwAAFQACAA3//wAAAAgADQAaACQBGwAAAAAAAAIBAAAAAAAAAAUAAAAAAAAAAAAAAAAAAAV/}}

@article{Bossi_2017,
	author = {Bossi, Manuela and Tailor, Vijay K. and Anderson, Elaine J. and Bex, Peter J. and Greenwood, John A. and Dahlmann-Noor, Annegret and Dakin, Steven C.},
	date-added = {2018-03-28 10:10:48 +0000},
	date-modified = {2018-03-28 10:10:48 +0000},
	doi = {10.1167/iovs.16-20913},
	issn = {1552-5783},
	journal = {Investigative Opthalmology & Visual Science},
	month = {Jun},
	number = {7},
	pages = {3031},
	publisher = {Association for Research in Vision and Ophthalmology (ARVO)},
	title = {Binocular Therapy for Childhood Amblyopia Improves Vision Without Breaking Interocular Suppression},
	url = {http://dx.doi.org/10.1167/iovs.16-20913},
	volume = {58},
	year = {2017},
	bdsk-file-1 = {YnBsaXN0MDDSAQIDBFxyZWxhdGl2ZVBhdGhZYWxpYXNEYXRhXxDeLi4vLi4vLi4vLi4vLi4vRG9jdW1lbnRzL0JpYkRlc2sgQXJ0aWNsZXMvMjAxNy1Cb3NzaS5NO1RhaWxvci5WO0FuZGVyc29uLkU7QmV4LlA7R3JlZW53b29kLko7RGFobG1hbm4tTm9vci5BO0Rha2luLlMtQmlub2N1bGFyIFRoZXJhcHkgZm9yIENoaWxkaG9vZCBBbWJseW9waWEgSW1wcm92ZXMgVmlzaW9uIFdpdGhvdXQgQnJlYWtpbmcgSW50ZXJvY3VsYXIgU3VwcHJlc3Npb24tYS0ucGRmTxEECAAAAAAECAACAAAMTWFjaW50b3NoIEhEAAAAAAAAAAAAAAAAAAAAAAAAAEJEAAH/////HzIwMTctQm9zc2kuTTtUYWlsbyNGRkZGRkZGRi5wZGYAAAAAAAAAAAAAAAAAAAAAAAAAAAAAAAAAAAAAAAAAAP////8AAAAAAAAAAAAAAAAABQADAAAKIGN1AAAAAAAAAAAAAAAAABBCaWJEZXNrIEFydGljbGVzAAIA3i86VXNlcnM6YmJsYWlzOkRvY3VtZW50czpCaWJEZXNrIEFydGljbGVzOjIwMTctQm9zc2kuTTtUYWlsb3IuVjtBbmRlcnNvbi5FO0JleC5QO0dyZWVud29vZC5KO0RhaGxtYW5uLU5vb3IuQTtEYWtpbi5TLUJpbm9jdWxhciBUaGVyYXB5IGZvciBDaGlsZGhvb2QgQW1ibHlvcGlhIEltcHJvdmVzIFZpc2lvbiBXaXRob3V0IEJyZWFraW5nIEludGVyb2N1bGFyIFN1cHByZXNzaW9uLWEtLnBkZgAOAWoAtAAyADAAMQA3AC0AQgBvAHMAcwBpAC4ATQA7AFQAYQBpAGwAbwByAC4AVgA7AEEAbgBkAGUAcgBzAG8AbgAuAEUAOwBCAGUAeAAuAFAAOwBHAHIAZQBlAG4AdwBvAG8AZAAuAEoAOwBEAGEAaABsAG0AYQBuAG4ALQBOAG8AbwByAC4AQQA7AEQAYQBrAGkAbgAuAFMALQBCAGkAbgBvAGMAdQBsAGEAcgAgAFQAaABlAHIAYQBwAHkAIABmAG8AcgAgAEMAaABpAGwAZABoAG8AbwBkACAAQQBtAGIAbAB5AG8AcABpAGEAIABJAG0AcAByAG8AdgBlAHMAIABWAGkAcwBpAG8AbgAgAFcAaQB0AGgAbwB1AHQAIABCAHIAZQBhAGsAaQBuAGcAIABJAG4AdABlAHIAbwBjAHUAbABhAHIAIABTAHUAcABwAHIAZQBzAHMAaQBvAG4ALQBhAC0ALgBwAGQAZgAPABoADABNAGEAYwBpAG4AdABvAHMAaAAgAEgARAASANxVc2Vycy9iYmxhaXMvRG9jdW1lbnRzL0JpYkRlc2sgQXJ0aWNsZXMvMjAxNy1Cb3NzaS5NO1RhaWxvci5WO0FuZGVyc29uLkU7QmV4LlA7R3JlZW53b29kLko7RGFobG1hbm4tTm9vci5BO0Rha2luLlMtQmlub2N1bGFyIFRoZXJhcHkgZm9yIENoaWxkaG9vZCBBbWJseW9waWEgSW1wcm92ZXMgVmlzaW9uIFdpdGhvdXQgQnJlYWtpbmcgSW50ZXJvY3VsYXIgU3VwcHJlc3Npb24tYS0ucGRmABMAAS8AABUAAgAN//8AAAAIAA0AGgAkAQUAAAAAAAACAQAAAAAAAAAFAAAAAAAAAAAAAAAAAAAFEQ==}}

@article{Gao_2018,
	author = {Gao, Tina Y. and Guo, Cindy X. and Babu, Raiju J. and Black, Joanna M. and Bobier, William R. and Chakraborty, Arijit and Dai, Shuan and Hess, Robert F. and Jenkins, Michelle and Jiang, Yannan and et al.},
	date-added = {2018-03-28 10:10:48 +0000},
	date-modified = {2018-03-28 10:10:48 +0000},
	doi = {10.1001/jamaophthalmol.2017.6090},
	issn = {2168-6165},
	journal = {JAMA Ophthalmology},
	month = {Feb},
	number = {2},
	pages = {172},
	publisher = {American Medical Association (AMA)},
	title = {Effectiveness of a Binocular Video Game vs Placebo Video Game for Improving Visual Functions in Older Children, Teenagers, and Adults With Amblyopia},
	url = {http://dx.doi.org/10.1001/jamaophthalmol.2017.6090},
	volume = {136},
	year = {2018},
	bdsk-file-1 = {YnBsaXN0MDDSAQIDBFxyZWxhdGl2ZVBhdGhZYWxpYXNEYXRhXxEBHy4uLy4uLy4uLy4uLy4uL0RvY3VtZW50cy9CaWJEZXNrIEFydGljbGVzLzIwMTgtR2FvLlQ7R3VvLkM7QmFidS5SO0JsYWNrLko7Qm9iaWVyLlc7Q2hha3JhYm9ydHkuQTtEYWkuUztIZXNzLlI7SmVua2lucy5NO0ppYW5nLlk7YWwuLUVmZmVjdGl2ZW5lc3Mgb2YgYSBCaW5vY3VsYXIgVmlkZW8gR2FtZSB2cyBQbGFjZWJvIFZpZGVvIEdhbWUgZm9yIEltcHJvdmluZyBWaXN1YWwgRnVuY3Rpb25zIGluIE9sZGVyIENoaWxkcmVuLCBUZWVuYWdlcnMsIGFuZCBBZHVsdHMgV2l0aCBBbWJseW9waWEtYS0ucGRmTxEFDgAAAAAFDgACAAAMTWFjaW50b3NoIEhEAAAAAAAAAAAAAAAAAAAAAAAAAEJEAAH/////HzIwMTgtR2FvLlQ7R3VvLkM7QiNGRkZGRkZGRi5wZGYAAAAAAAAAAAAAAAAAAAAAAAAAAAAAAAAAAAAAAAAAAP////8AAAAAAAAAAAAAAAAABQADAAAKIGN1AAAAAAAAAAAAAAAAABBCaWJEZXNrIEFydGljbGVzAAIBHy86VXNlcnM6YmJsYWlzOkRvY3VtZW50czpCaWJEZXNrIEFydGljbGVzOjIwMTgtR2FvLlQ7R3VvLkM7QmFidS5SO0JsYWNrLko7Qm9iaWVyLlc7Q2hha3JhYm9ydHkuQTtEYWkuUztIZXNzLlI7SmVua2lucy5NO0ppYW5nLlk7YWwuLUVmZmVjdGl2ZW5lc3Mgb2YgYSBCaW5vY3VsYXIgVmlkZW8gR2FtZSB2cyBQbGFjZWJvIFZpZGVvIEdhbWUgZm9yIEltcHJvdmluZyBWaXN1YWwgRnVuY3Rpb25zIGluIE9sZGVyIENoaWxkcmVuLCBUZWVuYWdlcnMsIGFuZCBBZHVsdHMgV2l0aCBBbWJseW9waWEtYS0ucGRmAAAOAewA9QAyADAAMQA4AC0ARwBhAG8ALgBUADsARwB1AG8ALgBDADsAQgBhAGIAdQAuAFIAOwBCAGwAYQBjAGsALgBKADsAQgBvAGIAaQBlAHIALgBXADsAQwBoAGEAawByAGEAYgBvAHIAdAB5AC4AQQA7AEQAYQBpAC4AUwA7AEgAZQBzAHMALgBSADsASgBlAG4AawBpAG4AcwAuAE0AOwBKAGkAYQBuAGcALgBZADsAYQBsAC4ALQBFAGYAZgBlAGMAdABpAHYAZQBuAGUAcwBzACAAbwBmACAAYQAgAEIAaQBuAG8AYwB1AGwAYQByACAAVgBpAGQAZQBvACAARwBhAG0AZQAgAHYAcwAgAFAAbABhAGMAZQBiAG8AIABWAGkAZABlAG8AIABHAGEAbQBlACAAZgBvAHIAIABJAG0AcAByAG8AdgBpAG4AZwAgAFYAaQBzAHUAYQBsACAARgB1AG4AYwB0AGkAbwBuAHMAIABpAG4AIABPAGwAZABlAHIAIABDAGgAaQBsAGQAcgBlAG4ALAAgAFQAZQBlAG4AYQBnAGUAcgBzACwAIABhAG4AZAAgAEEAZAB1AGwAdABzACAAVwBpAHQAaAAgAEEAbQBiAGwAeQBvAHAAaQBhAC0AYQAtAC4AcABkAGYADwAaAAwATQBhAGMAaQBuAHQAbwBzAGgAIABIAEQAEgEdVXNlcnMvYmJsYWlzL0RvY3VtZW50cy9CaWJEZXNrIEFydGljbGVzLzIwMTgtR2FvLlQ7R3VvLkM7QmFidS5SO0JsYWNrLko7Qm9iaWVyLlc7Q2hha3JhYm9ydHkuQTtEYWkuUztIZXNzLlI7SmVua2lucy5NO0ppYW5nLlk7YWwuLUVmZmVjdGl2ZW5lc3Mgb2YgYSBCaW5vY3VsYXIgVmlkZW8gR2FtZSB2cyBQbGFjZWJvIFZpZGVvIEdhbWUgZm9yIEltcHJvdmluZyBWaXN1YWwgRnVuY3Rpb25zIGluIE9sZGVyIENoaWxkcmVuLCBUZWVuYWdlcnMsIGFuZCBBZHVsdHMgV2l0aCBBbWJseW9waWEtYS0ucGRmAAATAAEvAAAVAAIADf//AAAACAANABoAJAFHAAAAAAAAAgEAAAAAAAAABQAAAAAAAAAAAAAAAAAABlk=}}
